@book{hurwicz2006designing,
  title={Designing economic mechanisms},
  author={Hurwicz, Leonid and Reiter, Stanley},
  year={2006},
  publisher={Cambridge University Press}
}

@book{dugatkin2000game,
	title={Game theory and animal behavior},
	author={Dugatkin, Lee Alan and Reeve, Hudson Kern},
	year={2000},
	publisher={Oxford University Press on Demand}
}

@article{hammerstein1994game,
	title={Game theory and evolutionary biology},
	author={Hammerstein, Peter and Selten, Reinhard},
	journal={Handbook of game theory with economic applications},
	volume={2},
	pages={929--993},
	year={1994},
	publisher={Elsevier}
}

@article{semsar2009multi,
	title={Multi-agent team cooperation: A game theory approach},
	author={Semsar-Kazerooni, Elham and Khorasani, Khashayar},
	journal={Automatica},
	volume={45},
	number={10},
	pages={2205--2213},
	year={2009},
	publisher={Elsevier}
}

@article{parsons2002game,
	title={Game theory and decision theory in multi-agent systems},
	author={Parsons, Simon and Wooldridge, Michael},
	journal={Autonomous Agents and Multi-Agent Systems},
	volume={5},
	number={3},
	pages={243--254},
	year={2002},
	publisher={Springer}
}

@book{kelly2003decision,
	title={Decision making using game theory: an introduction for managers},
	author={Kelly, Anthony},
	year={2003},
	publisher={Cambridge University Press}
}

@article{gu2005price,
	title={Price decision analysis for reverse supply chain based on game theory},
	author={Gu, QL and Gao, TG and Shi, LS},
	journal={Systems Engineering-theory \& Practice},
	volume={3},
	pages={21--25},
	year={2005}
}

@article{aydin2000dynamic,
	title={Dynamic job-shop scheduling using reinforcement learning agents},
	author={Aydin, M Emin and {\"O}ztemel, Ercan},
	journal={Robotics and Autonomous Systems},
	volume={33},
	number={2-3},
	pages={169--178},
	year={2000},
	publisher={Elsevier}
}

@article{cui2017reinforcement,
	title={A reinforcement learning-based mixed job scheduler scheme for grid or IaaS cloud},
	author={Cui, Delong and Peng, Zhiping and Lin, Weiwei and others},
	journal={IEEE Transactions on Cloud Computing},
	year={2017},
	publisher={IEEE}
}



@inproceedings{chen2011measuring,
	title={Measuring the latency of cloud gaming systems},
	author={Chen, Kuan-Ta and Chang, Yu-Chun and Tseng, Po-Han and Huang, Chun-Ying and Lei, Chin-Laung},
	booktitle={Proceedings of the 19th ACM international conference on Multimedia},
	pages={1269--1272},
	year={2011},
	organization={ACM}
}

@incollection{mahmud2018fog,
	title={Fog computing: A taxonomy, survey and future directions},
	author={Mahmud, Redowan and Kotagiri, Ramamohanarao and Buyya, Rajkumar},
	booktitle={Internet of everything},
	pages={103--130},
	year={2018},
	publisher={Springer}
}

@article{atlam2018fog,
	title={Fog computing and the Internet of Things: a review},
	author={Atlam, Hany and Walters, Robert and Wills, Gary},
	journal={Big Data and Cognitive Computing},
	volume={2},
	number={2},
	pages={10},
	year={2018},
	publisher={Multidisciplinary Digital Publishing Institute}
}

@inproceedings{xiao2017vehicular,
	title={Vehicular fog computing: Vision and challenges},
	author={Xiao, Yu and Zhu, Chao},
	booktitle={2017 IEEE International Conference on Pervasive Computing and Communications Workshops (PerCom Workshops)},
	pages={6--9},
	year={2017},
	organization={IEEE}
}

@article{soares2014quasi,
	title={Quasi-real-time management of Electric Vehicles charging},
	author={Soares, Filipe Joel and Almeida, PM Rocha and Lopes, JA Pecas},
	journal={Electric Power Systems Research},
	volume={108},
	pages={293--303},
	year={2014},
	publisher={Elsevier}
}

@article{zhang2014optimal,
	title={Optimal decentralized valley-filling charging strategy for electric vehicles},
	author={Zhang, Kangkang and Xu, Liangfei and Ouyang, Minggao and Wang, Hewu and Lu, Languang and Li, Jianqiu and Li, Zhe},
	journal={Energy conversion and management},
	volume={78},
	pages={537--550},
	year={2014},
	publisher={Elsevier}
}

@article{pourabdollah2013optimal,
	title={Optimal sizing of a parallel PHEV powertrain},
	author={Pourabdollah, Mitra and Murgovski, Nikolce and Grauers, Anders and Egardt, Bo},
	journal={IEEE Transactions on Vehicular Technology},
	volume={62},
	number={6},
	pages={2469--2480},
	year={2013},
	publisher={IEEE}
}

@article{yang2018communication,
	title={Communication-constrained mobile edge computing systems for wireless virtual reality: Scheduling and tradeoff},
	author={Yang, Xiao and Chen, Zhiyong and Li, Kuikui and Sun, Yaping and Liu, Ning and Xie, Weiliang and Zhao, Yong},
	journal={IEEE Access},
	volume={6},
	pages={16665--16677},
	year={2018},
	publisher={IEEE}
}

@article{desai2014review,
	title={A review paper on oculus rift-a virtual reality headset},
	author={Desai, Parth Rajesh and Desai, Pooja Nikhil and Ajmera, Komal Deepak and Mehta, Khushbu},
	journal={arXiv preprint arXiv:1408.1173},
	year={2014}
}

@article{dempsey2016teardown,
	title={The teardown: HTC Vive VR headset},
	author={Dempsey, Paul},
	journal={Engineering \& Technology},
	volume={11},
	number={7-8},
	pages={80--81},
	year={2016},
	publisher={IET}
}

@article{muensterer2014google,
	title={Google Glass in pediatric surgery: an exploratory study},
	author={Muensterer, Oliver J and Lacher, Martin and Zoeller, Christoph and Bronstein, Matthew and K{\"u}bler, Joachim},
	journal={International journal of surgery},
	volume={12},
	number={4},
	pages={281--289},
	year={2014},
	publisher={Elsevier}
}

@inproceedings{evans2017evaluating,
	title={Evaluating the Microsoft HoloLens through an augmented reality assembly application},
	author={Evans, Gabriel and Miller, Jack and Pena, Mariangely Iglesias and MacAllister, Anastacia and Winer, Eliot},
	booktitle={Degraded Environments: Sensing, Processing, and Display 2017},
	volume={10197},
	pages={101970V},
	year={2017},
	organization={International Society for Optics and Photonics}
}

@inproceedings{borylo2016energy,
	title={Energy-aware fog and cloud interplay supported by wide area software defined networking},
	author={Borylo, Piotr and Lason, Artur and Rzasa, Jacek and Szymanski, Andrzej and Jajszczyk, Andrzej},
	booktitle={2016 IEEE International Conference on Communications (ICC)},
	pages={1--7},
	year={2016},
	organization={IEEE}
}

@techreport{liu2015distributed,
	title={Distributed Mobility Management: Current practices and gap analysis},
	author={Liu, Dapeng and Zuniga, JC and Seite, Pierrick and Chan, H and Bernardos, CJ},
	year={2015}
}

@article{tordera2016fog,
	title={What is a fog node a tutorial on current concepts towards a common definition},
	author={Tordera, Eva Mar{\'\i}n and Masip-Bruin, Xavi and Garcia-Alminana, Jordi and Jukan, Admela and Ren, Guang-Jie and Zhu, Jiafeng and Farr{\'e}, Josep},
	journal={arXiv preprint arXiv:1611.09193},
	year={2016}
}

@inproceedings{narayanan2014towards,
	title={Towards a leaner geo-distributed cloud infrastructure},
	author={Narayanan, Iyswarya and Kansal, Aman and Sivasubramaniam, Anand and Urgaonkar, Bhuvan and Govindan, Sriram},
	booktitle={6th $\{$USENIX$\}$ Workshop on Hot Topics in Cloud Computing (HotCloud 14)},
	year={2014}
}

@article{fernando2013mobile,
	title={Mobile cloud computing: A survey},
	author={Fernando, Niroshinie and Loke, Seng W and Rahayu, Wenny},
	journal={Future generation computer systems},
	volume={29},
	number={1},
	pages={84--106},
	year={2013},
	publisher={Elsevier}
}

@article{satyanarayanan2009case,
	title={The case for vm-based cloudlets in mobile computing},
	author={Satyanarayanan, Mahadev and Bahl, Paramvir and Caceres, Ram{\'o}n and Davies, Nigel},
	journal={IEEE pervasive Computing},
	number={4},
	pages={14--23},
	year={2009},
	publisher={IEEE}
}

@inproceedings{yi2015survey,
	title={A survey of fog computing: concepts, applications and issues},
	author={Yi, Shanhe and Li, Cheng and Li, Qun},
	booktitle={Proceedings of the 2015 workshop on mobile big data},
	pages={37--42},
	year={2015},
	organization={ACM}
}


@article{peter2015fog,
	title={Fog computing and its real time applications},
	author={Peter, Nisha},
	journal={International Journal of Emerging Technology and Advanced Engineering},
	volume={5},
	number={6},
	pages={266--269},
	year={2015}
}

@inproceedings{yi2015survey,
	title={A survey of fog computing: concepts, applications and issues},
	author={Yi, Shanhe and Li, Cheng and Li, Qun},
	booktitle={Proceedings of the 2015 workshop on mobile big data},
	pages={37--42},
	year={2015},
	organization={ACM}
}

@article{kuster2012cloud,
	title={Cloud Computing Services (CCS): A Threat for Internet Neutrality?},
	author={Kuster, Beat},
	journal={Internet Economics VI},
	pages={117},
	year={2012}
}

@inproceedings{goemans2005sink,
	title={Sink equilibria and convergence},
	author={Goemans, Michel and Mirrokni, Vahab and Vetta, Adrian},
	booktitle={46th Annual IEEE Symposium on Foundations of Computer Science (FOCS'05)},
	pages={142--151},
	year={2005},
	organization={IEEE}
}

@inproceedings{koutsoupias1999worst,
	title={Worst-case equilibria},
	author={Koutsoupias, Elias and Papadimitriou, Christos},
	booktitle={Annual Symposium on Theoretical Aspects of Computer Science},
	pages={404--413},
	year={1999},
	organization={Springer}
}

@inproceedings{lucier2010price,
	title={Price of anarchy for greedy auctions},
	author={Lucier, Brendan and Borodin, Allan},
	booktitle={Proceedings of the twenty-first annual ACM-SIAM symposium on Discrete Algorithms},
	pages={537--553},
	year={2010},
	organization={Society for Industrial and Applied Mathematics}
}

@article{shi2016online,
	title={An online auction framework for dynamic resource provisioning in cloud computing},
	author={Shi, Weijie and Zhang, Linquan and Wu, Chuan and Li, Zongpeng and Lau, Francis and Shi, Weijie and Zhang, Linquan and Wu, Chuan and Li, Zongpeng and Lau, Francis},
	journal={IEEE/ACM Transactions on Networking (TON)},
	volume={24},
	number={4},
	pages={2060--2073},
	year={2016},
	publisher={IEEE Press}
}

@article{demougin2001monitoring,
	title={Monitoring versus incentives},
	author={Demougin, Dominique and Fluet, Claude},
	journal={European Economic Review},
	volume={45},
	number={9},
	pages={1741--1764},
	year={2001},
	publisher={Elsevier}
}

@inproceedings{sembiring2013dynamic,
	title={Dynamic resource allocation for cloud-based media processing},
	author={Sembiring, Krisantus and Beyer, Andreas},
	booktitle={Proceeding of the 23rd ACM Workshop on Network and Operating Systems Support for Digital Audio and Video},
	pages={49--54},
	year={2013},
	organization={ACM}
}

@article{ananthanarayanan2017real,
	title={Real-time video analytics: The killer app for edge computing},
	author={Ananthanarayanan, Ganesh and Bahl, Paramvir and Bod{\'\i}k, Peter and Chintalapudi, Krishna and Philipose, Matthai and Ravindranath, Lenin and Sinha, Sudipta},
	journal={Computer},
	volume={50},
	number={10},
	pages={58--67},
	year={2017},
	publisher={IEEE}
}

@article{brooks1999s,
	title={What's real about virtual reality?},
	author={Brooks, Frederick P},
	journal={IEEE Computer graphics and applications},
	volume={19},
	number={6},
	pages={16--27},
	year={1999},
	publisher={IEEE}
}

@MISC{IOTANALYTICS2019,
	author = {Knud Lasse Lueth},
	title = {State of the IoT 2018: Number of IoT devices now at 7B – Market accelerating},
	month = August,
	year = {2018},
	howpublished={\url{https://iot-analytics.com/state-of-the-iot-update-q1-q2-2018-number-of-iot-devices-now-7b/}}
	note = {Accessed: 2019-2-14}
}

@inproceedings{ali2018edge,
	title={Edge enhanced deep learning system for large-scale video stream analytics},
	author={Ali, Muhammad and Anjum, Ashiq and Yaseen, M Usman and Zamani, A Reza and Balouek-Thomert, Daniel and Rana, Omer and Parashar, Manish},
	booktitle={2018 IEEE 2nd International Conference on Fog and Edge Computing (ICFEC)},
	pages={1--10},
	year={2018},
	organization={IEEE}
}

@article{gu2018joint,
	title={Joint radio and computational resource allocation in IoT fog computing},
	author={Gu, Yunan and Chang, Zheng and Pan, Miao and Song, Lingyang and Han, Zhu},
	journal={IEEE Transactions on Vehicular Technology},
	volume={67},
	number={8},
	pages={7475--7484},
	year={2018},
	publisher={IEEE}
}

@article{feng2017ave,
	title={AVE: Autonomous vehicular edge computing framework with ACO-based scheduling},
	author={Feng, Jingyun and Liu, Zhi and Wu, Celimuge and Ji, Yusheng},
	journal={IEEE Transactions on Vehicular Technology},
	volume={66},
	number={12},
	pages={10660--10675},
	year={2017},
	publisher={IEEE}
}

@article{yuan2018toward,
	title={Toward efficient content delivery for automated driving services: An edge computing solution},
	author={Yuan, Quan and Zhou, Haibo and Li, Jinglin and Liu, Zhihan and Yang, Fangchun and Shen, Xuemin Sherman},
	journal={IEEE Network},
	volume={32},
	number={1},
	pages={80--86},
	year={2018},
	publisher={IEEE}
}

@inproceedings{okay2016fog,
	title={A fog computing based smart grid model},
	author={Okay, Feyza Yildirim and Ozdemir, Suat},
	booktitle={2016 international symposium on networks, computers and communications (ISNCC)},
	pages={1--6},
	year={2016},
	organization={IEEE}
}

@inproceedings{singh2018iot,
	title={IoT Big Data Analytics with Fog Computing for Household Energy Management in Smart Grids},
	author={Singh, Shailendra and Yassine, Abdulsalam},
	booktitle={International Conference on Smart Grid and Internet of Things},
	pages={13--22},
	year={2018},
	organization={Springer}
}

@article{fernandez2018fog,
	title={A Fog Computing and Cloudlet Based Augmented Reality System for the Industry 4.0 Shipyard},
	author={Fern{\'a}ndez-Caram{\'e}s, Tiago and Fraga-Lamas, Paula and Su{\'a}rez-Albela, Manuel and Vilar-Montesinos, Miguel},
	journal={Sensors},
	volume={18},
	number={6},
	pages={1798},
	year={2018},
	publisher={Multidisciplinary Digital Publishing Institute}
}

@MISC{alto2018VR,
	author = {Alto,Palo},
	title = {Saguna and GridRaster partner to bring bigh-quality VR/AR experiences to mobile devices by leveraging multi-access edge computing},
	month = May,
	year = {2018},
	howpublished={\url{https://www.prnewswire.com/news-releases/saguna-and-gridraster-partner-to-bring-high-quality-vrar-experiences-to-mobile-devices-by-leveraging-multi-access-edge-computing-682157481.html}}
	note = {Accessed: 2019-3-31}
}

@inproceedings{ricquebourg2006smart,
	title={The smart home concept: our immediate future},
	author={Ricquebourg, Vincent and Menga, David and Durand, David and Marhic, Bruno and Delahoche, Laurent and Loge, Christophe},
	booktitle={2006 1st IEEE international conference on e-learning in industrial electronics},
	pages={23--28},
	year={2006},
	organization={IEEE}
}

@article{tongke2013smart,
	title={Smart agriculture based on cloud computing and IOT},
	author={TongKe, Fan},
	journal={Journal of Convergence Information Technology},
	volume={8},
	number={2},
	year={2013},
	publisher={Advanced Institute of Convergence IT}
}

@article{roblek2016complex,
	title={A complex view of industry 4.0},
	author={Roblek, Vasja and Me{\v{s}}ko, Maja and Krape{\v{z}}, Alojz},
	journal={Sage Open},
	volume={6},
	number={2},
	pages={2158244016653987},
	year={2016},
	publisher={SAGE Publications Sage CA: Los Angeles, CA}
}

@inproceedings{karp1992line,
  title={On-line algorithms versus off-line algorithms: How much is it worth to know the future?},
  author={Karp, Richard M},
  booktitle={IFIP Congress (1)},
  volume={12},
  pages={416--429},
  year={1992}
}

@article{hurwicz1973design,
  title={The design of mechanisms for resource allocation},
  author={Hurwicz, Leonid},
  journal={The American Economic Review},
  volume={63},
  number={2},
  pages={1--30},
  year={1973},
  publisher={JSTOR}
}

@book{von2007theory,
  title={Theory of games and economic behavior (commemorative edition)},
  author={Von Neumann, John and Morgenstern, Oskar},
  year={2007},
  publisher={Princeton university press}
}

@article{chevaleyre2010simple,
	title={Simple negotiation schemes for agents with simple preferences: Sufficiency, necessity and maximality},
	author={Chevaleyre, Yann and Endriss, Ulle and Maudet, Nicolas},
	journal={Autonomous Agents and Multi-Agent Systems},
	volume={20},
	number={2},
	pages={234--259},
	year={2010},
	publisher={Springer}
}

@book{rothe2015economics,
	title={Economics and computation},
	author={Rothe, J{\"o}rg},
	volume={4},
	year={2015},
	publisher={Springer}
}

@book{boyd2004convex,
	title={Convex optimization},
	author={Boyd, Stephen and Vandenberghe, Lieven},
	year={2004},
	publisher={Cambridge university press}
}

@article{wu2016clique,
	title={A clique-based exact method for optimal winner determination in combinatorial auctions},
	author={Wu, Qinghua and Hao, Jin-Kao},
	journal={Information Sciences},
	volume={334},
	pages={103--121},
	year={2016},
	publisher={Elsevier}
}

@article{kuhn1955hungarian,
	title={The Hungarian method for the assignment problem},
	author={Kuhn, Harold W},
	journal={Naval research logistics quarterly},
	volume={2},
	number={1-2},
	pages={83--97},
	year={1955},
	publisher={Wiley Online Library}
}

@book{vazirani2013approximation,
	title={Approximation algorithms},
	author={Vazirani, Vijay V},
	year={2013},
	publisher={Springer Science \& Business Media}
}

@article{li2016dynamic,
	title={Dynamic bin packing for on-demand cloud resource allocation},
	author={Li, Yusen and Tang, Xueyan and Cai, Wentong},
	journal={IEEE Transactions on Parallel and Distributed Systems},
	volume={27},
	number={1},
	pages={157--170},
	year={2016},
	publisher={IEEE}
}

@article{baker2018cloud,
	title={Cloud-SEnergy: A bin-packing based multi-cloud service broker for energy efficient composition and execution of data-intensive applications},
	author={Baker, Thar and Aldawsari, Bandar and Asim, Muhammad and Tawfik, Hissam and Maamar, Zakaria and Buyya, Rajkumar},
	journal={Sustainable Computing: Informatics and Systems},
	volume={19},
	pages={242--252},
	year={2018},
	publisher={Elsevier}
}

@article{shi2014online,
	title={An online auction framework for dynamic resource provisioning in cloud computing},
	author={Shi, Weijie and Zhang, Linquan and Wu, Chuan and Li, Zongpeng and Lau, Francis},
	journal={ACM SIGMETRICS Performance Evaluation Review},
	volume={42},
	number={1},
	pages={71--83},
	year={2014},
	publisher={ACM}
}

@inproceedings{wang2013revenue,
	title={Revenue maximization with dynamic auctions in IaaS cloud markets},
	author={Wang, Wei and Liang, Ben and Li, Baochun},
	booktitle={2013 IEEE/ACM 21st International Symposium on Quality of Service (IWQoS)},
	pages={1--6},
	year={2013},
	organization={IEEE}
}


@article{mashayekhy2015ptas,
	title={A PTAS mechanism for provisioning and allocation of heterogeneous cloud resources},
	author={Mashayekhy, Lena and Nejad, Mahyar Movahed and Grosu, Daniel},
	journal={IEEE Transactions on Parallel and Distributed Systems},
	volume={26},
	number={9},
	pages={2386--2399},
	year={2015},
	publisher={IEEE}
}

@article{zhang2018online,
	title={An online auction mechanism for cloud computing resource allocation and pricing based on user evaluation and cost},
	author={Zhang, Jixian and Xie, Ning and Zhang, Xuejie and Li, Weidong},
	journal={Future Generation Computer Systems},
	volume={89},
	pages={286--299},
	year={2018},
	publisher={Elsevier}
}

@article{zaman2013combinatorial,
	title={Combinatorial auction-based allocation of virtual machine instances in clouds},
	author={Zaman, Sharrukh and Grosu, Daniel},
	journal={Journal of Parallel and Distributed Computing},
	volume={73},
	number={4},
	pages={495--508},
	year={2013},
	publisher={Elsevier}
}

@article{mashayekhy2016truthful,
	title={Truthful mechanisms for competitive reward-based scheduling},
	author={Mashayekhy, Lena and Fisher, Nathan and Grosu, Daniel},
	journal={IEEE Transactions on computers},
	volume={65},
	number={7},
	pages={2299--2312},
	year={2016},
	publisher={IEEE}
}

@article{mashayekhy2015ptas,
	title={A PTAS mechanism for provisioning and allocation of heterogeneous cloud resources},
	author={Mashayekhy, Lena and Nejad, Mahyar Movahed and Grosu, Daniel},
	journal={IEEE Transactions on Parallel and Distributed Systems},
	volume={26},
	number={9},
	pages={2386--2399},
	year={2015},
	publisher={IEEE}
}

@inproceedings{lai2012monotone,
	title={Monotone branch-and-bound search for restricted combinatorial auctions},
	author={Lai, John and Parkes, David},
	booktitle={Proceedings of the 13th ACM Conference on Electronic Commerce},
	pages={705--722},
	year={2012},
	organization={ACM}
}

@inproceedings{farooq2018adaptive,
	title={Adaptive and resilient revenue maximizing dynamic resource allocation and pricing for cloud-enabled IoT systems},
	author={Farooq, Muhammad Junaid and Zhu, Quanyan},
	booktitle={2018 Annual American Control Conference (ACC)},
	pages={5292--5297},
	year={2018},
	organization={IEEE}
}

@article{zhang2017optimal,
	title={Optimal posted prices for online cloud resource allocation},
	author={Zhang, Zijun and Li, Zongpeng and Wu, Chuan},
	journal={Proceedings of the ACM on Measurement and Analysis of Computing Systems},
	volume={1},
	number={1},
	pages={23},
	year={2017},
	publisher={ACM}
}

@article{sun2016save,
	title={To save money or to save time: Intelligent routing design for plug-in hybrid electric vehicle},
	author={Sun, Zhonghao and Zhou, Xingshe},
	journal={Transportation Research Part D: Transport and Environment},
	volume={43},
	pages={238--250},
	year={2016},
	publisher={Elsevier}
}

@article{kocc2019electric,
	title={The electric vehicle routing problem with shared charging stations},
	author={Ko{\c{c}}, {\c{C}}a{\u{g}}r{\i} and Jabali, Ola and Mendoza, Jorge E and Laporte, Gilbert},
	journal={International Transactions in Operational Research},
	volume={26},
	number={4},
	pages={1211--1243},
	year={2019},
	publisher={Wiley Online Library}
}

@article{conway2017effects,
	title={On the effects of a routing and reservation system on the electric vehicle public charging network},
	author={Conway, Thomas},
	journal={IEEE Transactions on Intelligent Transportation Systems},
	volume={18},
	number={9},
	pages={2311--2318},
	year={2017},
	publisher={IEEE}
}

@article{del2016smart,
	title={Smart charging schedules for highway travel with electric vehicles},
	author={del Razo, Victor and Jacobsen, Hans-Arno},
	journal={IEEE Transactions on Transportation Electrification},
	volume={2},
	number={2},
	pages={160--173},
	year={2016},
	publisher={IEEE}
}

@article{neaimeh2013routing,
	title={Routing systems to extend the driving range of electric vehicles},
	author={Neaimeh, Myriam and Hill, Graeme A and H{\"u}bner, Yvonne and Blythe, Phil T},
	journal={IET Intelligent Transport Systems},
	volume={7},
	number={3},
	pages={327--336},
	year={2013},
	publisher={IET}
}

@article{blum2003metaheuristics,
	title={Metaheuristics in combinatorial optimization: Overview and conceptual comparison},
	author={Blum, Christian and Roli, Andrea},
	journal={ACM computing surveys (CSUR)},
	volume={35},
	number={3},
	pages={268--308},
	year={2003},
	publisher={Acm}
}

@inproceedings{xiong2017optimal,
	title={An optimal method for charging station location based on big data of the SOC and immune algorithm},
	author={Xiong, Jian and Gu, Hong},
	booktitle={2017 IEEE SmartWorld, Ubiquitous Intelligence \& Computing, Advanced \& Trusted Computed, Scalable Computing \& Communications, Cloud \& Big Data Computing, Internet of People and Smart City Innovation (SmartWorld/SCALCOM/UIC/ATC/CBDCom/IOP/SCI)},
	pages={1--7},
	year={2017},
	organization={IEEE}
}

@article{oliveira2013optimal,
	title={Optimal plug-in hybrid electric vehicles recharge in distribution power systems},
	author={Oliveira, DQ and de Souza, AC Zambroni and Delboni, LFN},
	journal={Electric Power Systems Research},
	volume={98},
	pages={77--85},
	year={2013},
	publisher={Elsevier}
}

@article{ko2013optimal,
	title={The optimal system design of the online electric vehicle utilizing wireless power transmission technology},
	author={Ko, Young Dae and Jang, Young Jae},
	journal={IEEE Transactions on intelligent transportation systems},
	volume={14},
	number={3},
	pages={1255--1265},
	year={2013},
	publisher={IEEE}
}

@inproceedings{vaya2012centralized,
	title={Centralized and decentralized approaches to smart charging of plug-in vehicles},
	author={Vaya, Marina Gonzalez and Andersson, G{\"o}ran},
	booktitle={2012 IEEE power and energy society general meeting},
	pages={1--8},
	year={2012},
	organization={IEEE}
}

@inproceedings{herrera2015optimal,
	title={Optimal energy management of a hybrid electric bus with a battery-supercapacitor storage system using genetic algorithm},
	author={Herrera, Victor Isaac and Saez-de-Ibarra, Andoni and Milo, Aitor and Gazta{\~n}aga, Haizea and Camblong, Haritza},
	booktitle={2015 international conference on electrical systems for aircraft, railway, ship propulsion and road vehicles (ESARS)},
	pages={1--6},
	year={2015},
	organization={IEEE}
}

@inproceedings{wu2015optimization,
	title={An optimization model for a battery swapping station in Hong Kong},
	author={Wu, Tony Hao and Pang, Grantham KH and Choy, KL and Lam, HY},
	booktitle={2015 IEEE Transportation Electrification Conference and Expo (ITEC)},
	pages={1--6},
	year={2015},
	organization={IEEE}
}

@article{unda2014management,
	title={Management of electric vehicle battery charging in distribution networks with multi-agent systems},
	author={Unda, Inaki Grau and Papadopoulos, Panagiotis and Skarvelis-Kazakos, Spyros and Cipcigan, Liana M and Jenkins, Nick and Zabala, Eduardo},
	journal={Electric Power Systems Research},
	volume={110},
	pages={172--179},
	year={2014},
	publisher={Elsevier}
}

@article{blum2003metaheuristics,
	title={Metaheuristics in combinatorial optimization: Overview and conceptual comparison},
	author={Blum, Christian and Roli, Andrea},
	journal={ACM computing surveys (CSUR)},
	volume={35},
	number={3},
	pages={268--308},
	year={2003},
	publisher={Acm}
}

@inproceedings{subramanian2012real,
	title={Real-time scheduling of deferrable electric loads},
	author={Subramanian, Anand and Garcia, Manuel and Dominguez-Garcia, A and Callaway, D and Poolla, Kameshwar and Varaiya, Pravin},
	booktitle={2012 American Control Conference (ACC)},
	pages={3643--3650},
	year={2012},
	organization={IEEE}
}

@article{kang2013real,
	title={Real-time scheduling techniques for electric vehicle charging in support of frequency regulation},
	author={Kang, Joosung and Duncan, Scott J and Mavris, Dimitri N},
	journal={Procedia Computer Science},
	volume={16},
	pages={767--775},
	year={2013},
	publisher={Elsevier}
}

@article{soares2014quasi,
	title={Quasi-real-time management of Electric Vehicles charging},
	author={Soares, Filipe Joel and Almeida, PM Rocha and Lopes, JA Pecas},
	journal={Electric Power Systems Research},
	volume={108},
	pages={293--303},
	year={2014},
	publisher={Elsevier}
}

@book{cormen2009introduction,
	title={Introduction to algorithms},
	author={Cormen, Thomas H and Leiserson, Charles E and Rivest, Ronald L and Stein, Clifford},
	year={2009},
	publisher={MIT press}
}

@inproceedings{beaude2013introducing,
	title={Introducing decentralized EV charging coordination for the voltage regulation},
	author={Beaude, Olivier and He, Yujun and Hennebel, Martin},
	booktitle={IEEE PES ISGT Europe 2013},
	pages={1--5},
	year={2013},
	organization={IEEE}
}

@inproceedings{feng2013efficient,
	title={Efficient and fair scheduling of PHEV charging with neuro dynamic programming},
	author={Feng, Bowei and Yu, Rong and Lai, Yue},
	booktitle={2013 8th International Conference on Communications and Networking in China (CHINACOM)},
	pages={930--935},
	year={2013},
	organization={IEEE}
}

@inproceedings{sun2014optimal,
	title={Optimal charging operation of battery swapping stations with QoS guarantee},
	author={Sun, Bo and Tan, Xiaoqi and Tsang, Danny HK},
	booktitle={2014 IEEE International Conference on Smart Grid Communications (SmartGridComm)},
	pages={13--18},
	year={2014},
	organization={IEEE}
}

@inproceedings{pourazarm2014optimal,
	title={Optimal routing of electric vehicles in networks with charging nodes: A dynamic programming approach},
	author={Pourazarm, Sepideh and Cassandras, Christos G and Malikopoulos, Andreas},
	booktitle={2014 IEEE International Electric Vehicle Conference (IEVC)},
	pages={1--7},
	year={2014},
	organization={IEEE}
}

@article{sahni1974computationally,
	title={Computationally related problems},
	author={Sahni, Sartaj},
	journal={SIAM Journal on Computing},
	volume={3},
	number={4},
	pages={262--279},
	year={1974},
	publisher={SIAM}
}

@inproceedings{han2011optimal,
	title={Optimal control of the plug-in electric vehicles for V2G frequency regulation using quadratic programming},
	author={Han, Sekyung and Han, Soohee and Sezaki, Kaoru},
	booktitle={ISGT 2011},
	pages={1--6},
	year={2011},
	organization={IEEE}
}

@article{bai2015robust,
	title={Robust optimization for bidirectional dispatch coordination of large-scale V2G},
	author={Bai, Xiaoqing and Qiao, Wei},
	journal={IEEE Transactions on Smart Grid},
	volume={6},
	number={4},
	pages={1944--1954},
	year={2015},
	publisher={IEEE}
}

@inproceedings{zhao2015research,
	title={Research on unit commitment considering battery swapping station and fluctuating wind power},
	author={Zhao, Qiang and Wang, Jinkuan and Han, Yinghua and Qian, Xiaolong},
	booktitle={The 27th Chinese Control and Decision Conference (2015 CCDC)},
	pages={5022--5027},
	year={2015},
	organization={IEEE}
}

@article{bashash2014cost,
	title={Cost-optimal charging of plug-in hybrid electric vehicles under time-varying electricity price signals},
	author={Bashash, Saeid and Fathy, Hosam K},
	journal={IEEE Transactions on Intelligent Transportation Systems},
	volume={15},
	number={5},
	pages={1958--1968},
	year={2014},
	publisher={IEEE}
}

@article{endriss2006negotiating,
	title={Negotiating socially optimal allocations of resources},
	author={Endriss, Ulrich and Maudet, Nicolas and Sadri, Fariba and Toni, Francesca},
	journal={Journal of artificial intelligence research},
	year={2006}
}

@article{brams2012undercut,
	title={The undercut procedure: an algorithm for the envy-free division of indivisible items},
	author={Brams, Steven J and Kilgour, D Marc and Klamler, Christian},
	journal={Social Choice and Welfare},
	volume={39},
	number={2-3},
	pages={615--631},
	year={2012},
	publisher={Springer}
}

@inproceedings{kalinowski2013social,
	title={A social welfare optimal sequential allocation procedure},
	author={Kalinowski, Thomas and Narodytska, Nina and Walsh, Toby},
	booktitle={Twenty-Third International Joint Conference on Artificial Intelligence},
	year={2013}
}

@inproceedings{bouveret2011general,
	title={A general elicitation-free protocol for allocating indivisible goods},
	author={Bouveret, Sylvain and Lang, J{\'e}r{\^o}me},
	booktitle={Twenty-Second International Joint Conference on Artificial Intelligence},
	year={2011}
}

@article{herreiner2002simple,
	title={A simple procedure for finding equitable allocations of indivisible goods},
	author={Herreiner, Dorothea and Puppe, Clemens},
	journal={Social Choice and Welfare},
	volume={19},
	number={2},
	pages={415--430},
	year={2002},
	publisher={Springer}
}

@inproceedings{ray2018ant,
	title={An Ant Colony Approach for the Winner Determination Problem},
	author={Ray, Abhishek and Ventresca, Mario},
	booktitle={European Conference on Evolutionary Computation in Combinatorial Optimization},
	pages={174--188},
	year={2018},
	organization={Springer}
}

@inproceedings{krysta2005greedy,
	title={Greedy approximation via duality for packing, combinatorial auctions and routing},
	author={Krysta, Piotr},
	booktitle={International Symposium on Mathematical Foundations of Computer Science},
	pages={615--627},
	year={2005},
	organization={Springer}
}

@article{boughaci2009memetic,
	title={A memetic algorithm for the optimal winner determination problem},
	author={Boughaci, Dalila and Benhamou, Bela{\"\i}d and Drias, Habiba},
	journal={Soft Computing},
	volume={13},
	number={8-9},
	pages={905},
	year={2009},
	publisher={Springer}
}

@inproceedings{yi2015survey,
	title={A survey of fog computing: concepts, applications and issues},
	author={Yi, Shanhe and Li, Cheng and Li, Qun},
	booktitle={Proceedings of the 2015 workshop on mobile big data},
	pages={37--42},
	year={2015},
	organization={ACM}
}

@inproceedings{rahbari2017scheduling,
	title={Scheduling of fog networks with optimized knapsack by symbiotic organisms search},
	author={Rahbari, Dadmehr and Nickray, Mohsen},
	booktitle={2017 21st Conference of Open Innovations Association (FRUCT)},
	pages={278--283},
	year={2017},
	organization={IEEE}
}

@inproceedings{taneja2017resource,
	title={Resource aware placement of IoT application modules in Fog-Cloud Computing Paradigm},
	author={Taneja, Mohit and Davy, Alan},
	booktitle={2017 IFIP/IEEE Symposium on Integrated Network and Service Management (IM)},
	pages={1222--1228},
	year={2017},
	organization={IEEE}
}



@article{gupta2017ifogsim,
	title={iFogSim: A toolkit for modeling and simulation of resource management techniques in the Internet of Things, Edge and Fog computing environments},
	author={Gupta, Harshit and Vahid Dastjerdi, Amir and Ghosh, Soumya K and Buyya, Rajkumar},
	journal={Software: Practice and Experience},
	volume={47},
	number={9},
	pages={1275--1296},
	year={2017},
	publisher={Wiley Online Library}
}


@article{qayyum2018fognetsim++,
	title={FogNetSim++: A toolkit for modeling and simulation of distributed fog environment},
	author={Qayyum, Tariq and Malik, Asad Waqar and Khattak, Muazzam A Khan and Khalid, Osman and Khan, Samee U},
	journal={IEEE Access},
	volume={6},
	pages={63570--63583},
	year={2018},
	publisher={IEEE}
}


@inproceedings{hoos2000solving,
	title={Solving combinatorial auctions using stochastic local search},
	author={Hoos, Holger H and Boutilier, Craig},
	booktitle={AAAI/IAAI},
	pages={22--29},
	year={2000}
}

@article{guo2006heuristics,
	title={Heuristics for a bidding problem},
	author={Guo, Yunsong and Lim, Andrew and Rodrigues, Brian and Zhu, Yejun},
	journal={Computers \& operations research},
	volume={33},
	number={8},
	pages={2179--2188},
	year={2006},
	publisher={Elsevier}
}

@article{boughaci2010local,
	title={Local search methods for the optimal winner determination problem in combinatorial auctions},
	author={Boughaci, Dalila and Benhamou, Bela{\"\i}d and Drias, Habiba},
	journal={Journal of Mathematical Modelling and Algorithms},
	volume={9},
	number={2},
	pages={165--180},
	year={2010},
	publisher={Springer}
}

@article{rothkopf1998computationally,
	title={Computationally manageable combinational auctions},
	author={Rothkopf, Michael H and Peke{\v{c}}, Aleksandar and Harstad, Ronald M},
	journal={Management science},
	volume={44},
	number={8},
	pages={1131--1147},
	year={1998},
	publisher={INFORMS}
}

@article{porter1999effect,
	title={The effect of bid withdrawal in a multi-object auction},
	author={Porter, David P},
	journal={Review of Economic Design},
	volume={4},
	number={1},
	pages={73--97},
	year={1999},
	publisher={Springer}
}

@inproceedings{andersson2000integer,
	title={Integer programming for combinatorial auction winner determination},
	author={Andersson, Arne and Tenhunen, Mattias and Ygge, Fredrik},
	booktitle={Proceedings Fourth International Conference on MultiAgent Systems},
	pages={39--46},
	year={2000},
	organization={IEEE}
}

@inproceedings{leyton2000algorithm,
	title={An algorithm for multi-unit combinatorial auctions},
	author={Leyton-Brown, Kevin and Shoham, Yoav and Tennenholtz, Moshe},
	booktitle={AAAI/IAAI},
	pages={56--61},
	year={2000}
}

@inproceedings{fujishima1999taming,
	title={Taming the computational complexity of combinatorial auctions: Optimal and approximate approaches},
	author={Fujishima, Yuzo and Leyton-Brown, Kevin and Shoham, Yoav},
	booktitle={IJCAI},
	volume={99},
	pages={548--553},
	year={1999}
}

@article{sandholm2005cabob,
	title={CABOB: A fast optimal algorithm for winner determination in combinatorial auctions},
	author={Sandholm, Tuomas and Suri, Subhash and Gilpin, Andrew and Levine, David},
	journal={Management Science},
	volume={51},
	number={3},
	pages={374--390},
	year={2005},
	publisher={INFORMS}
}

@inproceedings{sandholm2000improved,
	title={Improved algorithms for optimal winner determination in combinatorial auctions and generalizations},
	author={Sandholm, Tuomas and Suri, Subhash},
	booktitle={AAAI/IAAI},
	pages={90--97},
	year={2000}
}

@article{sandholm2003bob,
	title={BOB: Improved winner determination in combinatorial auctions and generalizations},
	author={Sandholm, Tuomas and Suri, Subhash},
	journal={Artificial Intelligence},
	volume={145},
	number={1-2},
	pages={33--58},
	year={2003},
	publisher={Elsevier}
}

@article{sandholm2002algorithm,
	title={Algorithm for optimal winner determination in combinatorial auctions},
	author={Sandholm, Tuomas},
	journal={Artificial intelligence},
	volume={135},
	number={1-2},
	pages={1--54},
	year={2002},
	publisher={Elsevier}
}

@inproceedings{sandholm2002winner,
	title={Winner determination in combinatorial auction generalizations},
	author={Sandholm, Tuomas and Suri, Subhash and Gilpin, Andrew and Levine, David},
	booktitle={Proceedings of the first international joint conference on Autonomous agents and multiagent systems: part 1},
	pages={69--76},
	year={2002},
	organization={ACM}
}

@inproceedings{bouveret2011general,
	title={A general elicitation-free protocol for allocating indivisible goods},
	author={Bouveret, Sylvain and Lang, J{\'e}r{\^o}me},
	booktitle={Twenty-Second International Joint Conference on Artificial Intelligence},
	year={2011}
}

@article{herreiner2002simple,
	title={A simple procedure for finding equitable allocations of indivisible goods},
	author={Herreiner, Dorothea and Puppe, Clemens},
	journal={Social Choice and Welfare},
	volume={19},
	number={2},
	pages={415--430},
	year={2002},
	publisher={Springer}
}

@article{friedlander1982decentralized,
	title={A decentralized strategy for resource allocation},
	author={Friedlander, B},
	journal={IEEE Transactions on Automatic Control},
	volume={27},
	number={1},
	pages={260--265},
	year={1982},
	publisher={IEEE}
}

@inproceedings{nisan2000bidding,
	title={Bidding and allocation in combinatorial auctions},
	author={Nisan, Noam},
	booktitle={EC},
	pages={1--12},
	year={2000},
	organization={Citeseer}
}

@book{rothe2015economics,
	title={Economics and computation},
	author={Rothe, J{\"o}rg},
	volume={4},
	year={2015},
	publisher={Springer}
}

@book{moulin2004fair,
	title={Fair division and collective welfare},
	author={Moulin, Herv{\'e}},
	year={2004},
	publisher={MIT press}
}

@inproceedings{roos2010complexity,
	title={Complexity of social welfare optimization in multiagent resource allocation},
	author={Roos, Magnus and Rothe, J{\"o}rg},
	booktitle={Proceedings of the 9th International Conference on Autonomous Agents and Multiagent Systems: volume 1-Volume 1},
	pages={641--648},
	year={2010},
	organization={International Foundation for Autonomous Agents and Multiagent Systems}
}

@book{russell2016artificial,
  title={Artificial intelligence: a modern approach},
  author={Russell, Stuart J and Norvig, Peter},
  year={2016},
  publisher={Malaysia; Pearson Education Limited,}
}

@article{leavitt2009cloud,
  title={Is cloud computing really ready for prime time?},
  author={Leavitt, Neal},
  journal={Computer},
  number={1},
  pages={15--20},
  year={2009},
  publisher={IEEE}
}

@article{luo2011cloud,
  title={Cloud computing: architecture and key technologies},
  author={Luo, Jun-Zhou and Jin, Jia-Hui and Song, Ai-bo and Dong, Fang},
  journal={Journal of China Institute of Communications},
  volume={32},
  number={7},
  pages={3--21},
  year={2011},
  publisher={China International Book Trading Corporation, P. O. Box 399 Beijing 100044 China}
}

@article{nash1951non,
  title={Non-cooperative games},
  author={Nash, John},
  journal={Annals of mathematics},
  pages={286--295},
  year={1951},
  publisher={JSTOR}
}

@article{roger1991game,
  title={Game theory: analysis of conflict},
  author={Roger, B Myerson},
  journal={The President and Fellows of Harvard College, USA},
  year={1991}
}

@inproceedings{zhang2013auction,
  title={An auction mechanism for resource allocation in mobile cloud computing systems},
  author={Zhang, Yang and Niyato, Dusit and Wang, Ping},
  booktitle={International Conference on Wireless Algorithms, Systems, and Applications},
  pages={76--87},
  year={2013},
  organization={Springer}
}

@inproceedings{fujiwara2010applying,
  title={Applying double-sided combinational auctions to resource allocation in cloud computing},
  author={Fujiwara, Ikki and Aida, Kento and Ono, Isao},
  booktitle={Applications and the Internet (SAINT), 2010 10th IEEE/IPSJ International Symposium on},
  pages={7--14},
  year={2010},
  organization={IEEE}
}

@article{nejad2015truthful,
  title={Truthful greedy mechanisms for dynamic virtual machine provisioning and allocation in clouds},
  author={Nejad, Mahyar Movahed and Mashayekhy, Lena and Grosu, Daniel},
  journal={IEEE transactions on parallel and distributed systems},
  volume={26},
  number={2},
  pages={594--603},
  year={2015},
  publisher={IEEE}
}

@article{zaman2013combinatorial,
  title={A combinatorial auction-based mechanism for dynamic VM provisioning and allocation in clouds},
  author={Zaman, Sharrukh and Grosu, Daniel},
  journal={IEEE Transactions on Cloud Computing},
  volume={1},
  number={2},
  pages={129--141},
  year={2013},
  publisher={IEEE}
}

@inproceedings{lin2010dynamic,
  title={Dynamic auction mechanism for cloud resource allocation},
  author={Lin, Wei-Yu and Lin, Guan-Yu and Wei, Hung-Yu},
  booktitle={Proceedings of the 2010 10th IEEE/ACM International Conference on Cluster, Cloud and Grid Computing},
  pages={591--592},
  year={2010},
  organization={IEEE Computer Society}
}

@inproceedings{sun2013auction,
  title={An auction and league championship algorithm based resource allocation mechanism for distributed cloud},
  author={Sun, Jiajia and Wang, Xingwei and Li, Keqin and Wu, Chuan and Huang, Min and Wang, Xueyi},
  booktitle={International Workshop on Advanced Parallel Processing Technologies},
  pages={334--346},
  year={2013},
  organization={Springer}
}

@article{beloglazov2012energy,
  title={Energy-aware resource allocation heuristics for efficient management of data centers for cloud computing},
  author={Beloglazov, Anton and Abawajy, Jemal and Buyya, Rajkumar},
  journal={Future generation computer systems},
  volume={28},
  number={5},
  pages={755--768},
  year={2012},
  publisher={Elsevier}
}

@article{hasan2013heuristic,
  title={Heuristic based Energy-aware Resource Allocation by Dynamic Consolidation of Virtual Machines in Cloud Data Center.},
  author={Hasan, Sabbir and Huh, Eui-Nam},
  journal={KSII Transactions on Internet \& Information Systems},
  volume={7},
  number={8},
  year={2013}
}

@incollection{quan2011energy,
  title={Energy efficient resource allocation strategy for cloud data centres},
  author={Quan, Dang Minh and Basmadjian, Robert and De Meer, Hermann and Lent, Ricardo and Mahmoodi, Toktam and Sannelli, Domenico and Mezza, Federico and Telesca, Luigi and Dupont, Corenten},
  booktitle={Computer and information sciences II},
  pages={133--141},
  year={2011},
  publisher={Springer}
}

@article{yin2012multi,
  title={A multi-dimensional resource allocation algorithm in cloud computing},
  author={Yin, Bo and Wang, Ying and Meng, Luoming and Qiu, Xuesong},
  journal={Journal of Information \& Computational Science},
  volume={9},
  number={11},
  pages={3021--3028},
  year={2012}
}

@article{lee2014performance,
  title={Performance analysis based resource allocation for green cloud computing},
  author={Lee, Hwa Min and Jeong, Young-Sik and Jang, Haeng Jin},
  journal={The Journal of Supercomputing},
  volume={69},
  number={3},
  pages={1013--1026},
  year={2014},
  publisher={Springer}
}

@article{du2018computation,
	title={Computation offloading and resource allocation in mixed fog/cloud computing systems with min-max fairness guarantee},
	author={Du, Jianbo and Zhao, Liqiang and Feng, Jie and Chu, Xiaoli},
	journal={IEEE Transactions on Communications},
	volume={66},
	number={4},
	pages={1594--1608},
	year={2018},
	publisher={IEEE}
}

@article{al2013cloud,
	title={Cloud computing pricing models: a survey},
	author={Al-Roomi, May and Al-Ebrahim, Shaikha and Buqrais, Sabika and Ahmad, Imtiaz},
	journal={International Journal of Grid and Distributed Computing},
	volume={6},
	number={5},
	pages={93--106},
	year={2013}
}

@inproceedings{samimi2011review,
	title={Review of pricing models for grid \& cloud computing},
	author={Samimi, Parnia and Patel, Ahmed},
	booktitle={2011 IEEE Symposium on Computers \& Informatics},
	pages={634--639},
	year={2011},
	organization={IEEE}
}

@inproceedings{mehta2005adwords,
	title={Adwords and generalized on-line matching},
	author={Mehta, Aranyak and Saberi, Amin and Vazirani, Umesh and Vazirani, Vijay},
	booktitle={46th Annual IEEE Symposium on Foundations of Computer Science (FOCS'05)},
	pages={264--273},
	year={2005},
	organization={IEEE}
}


@inproceedings{parkes2007ironing,
	title={An ironing-based approach to adaptive online mechanism design in single-valued domains},
	author={Parkes, David C and Duong, Quang},
	booktitle={AAAI},
	volume={7},
	pages={94--101},
	year={2007}
}


@inproceedings{dobzinski2016breaking,
	title={Breaking the logarithmic barrier for truthful combinatorial auctions with submodular bidders},
	author={Dobzinski, Shahar},
	booktitle={Proceedings of the forty-eighth annual ACM symposium on Theory of Computing},
	pages={940--948},
	year={2016},
	organization={ACM}
}


@inproceedings{krysta2012online,
	title={Online mechanism design (randomized rounding on the fly)},
	author={Krysta, Piotr and V{\"o}cking, Berthold},
	booktitle={International Colloquium on Automata, Languages, and Programming},
	pages={636--647},
	year={2012},
	organization={Springer}
}


@incollection{dobzinski2007two,
	title={Two randomized mechanisms for combinatorial auctions},
	author={Dobzinski, Shahar},
	booktitle={Approximation, Randomization, and Combinatorial Optimization. Algorithms and Techniques},
	pages={89--103},
	year={2007},
	publisher={Springer}
}


@inproceedings{dobzinski2006truthful,
	title={Truthful randomized mechanisms for combinatorial auctions},
	author={Dobzinski, Shahar and Nisan, Noam and Schapira, Michael},
	booktitle={Proceedings of the thirty-eighth annual ACM symposium on Theory of computing},
	pages={644--652},
	year={2006},
	organization={ACM}
}


@inproceedings{dobzinski2005approximation,
	title={Approximation algorithms for combinatorial auctions with complement-free bidders},
	author={Dobzinski, Shahar and Nisan, Noam and Schapira, Michael},
	booktitle={Proceedings of the thirty-seventh annual ACM symposium on Theory of computing},
	pages={610--618},
	year={2005},
	organization={ACM}
}


@incollection{feigenbaum2004distributed,
	title={Distributed algorithmic mechanism design: Recent results and future directions},
	author={Feigenbaum, Joan and Shenker, Scott},
	booktitle={Current Trends in Theoretical Computer Science: The Challenge of the New Century Vol 1: Algorithms and Complexity Vol 2: Formal Models and Semantics},
	pages={403--434},
	year={2004},
	publisher={World Scientific}
}


@article{wang2017multiagent,
	title={Multiagent-based resource allocation for energy minimization in cloud computing systems},
	author={Wang, Wanyuan and Jiang, Yichuan and Wu, Weiwei},
	journal={IEEE Transactions on Systems, Man, and Cybernetics: Systems},
	volume={47},
	number={2},
	pages={205--220},
	year={2017},
	publisher={IEEE}
}


@inproceedings{feldmann2003selfish,
	title={Selfish routing in non-cooperative networks: A survey},
	author={Feldmann, Rainer and Gairing, Martin and L{\"u}cking, Thomas and Monien, Burkhard and Rode, Manuel},
	booktitle={International Symposium on Mathematical Foundations of Computer Science},
	pages={21--45},
	year={2003},
	organization={Springer}
}


@inproceedings{gradwell2005distributed,
	title={Distributed combinatorial resource scheduling},
	author={Gradwell, Peter and Padget, Julian},
	booktitle={Proc. AAMAS Workshop on Smart Grid Technologies (SGT-2005)},
	year={2005}
}


@article{chevaleyre2006issues,
	title={Issues in multiagent resource allocation},
	author={Chevaleyre, Yann and Dunne, Paul E and Endriss, Ulle and Lang, J{\'e}r{\^o}me and Lemaitre, Michel and Maudet, Nicolas and Padget, Julian and Phelps, Steve and Rodriguez-Aguilar, Juan A and Sousa, Paulo},
	journal={Informatica},
	volume={30},
	number={1},
	year={2006}
}


@article{espadas2013tenant,
  title={A tenant-based resource allocation model for scaling Software-as-a-Service applications over cloud computing infrastructures},
  author={Espadas, Javier and Molina, Arturo and Jim{\'e}nez, Guillermo and Molina, Mart{\'\i}n and Ram{\'\i}rez, Ra{\'u}l and Concha, David},
  journal={Future Generation Computer Systems},
  volume={29},
  number={1},
  pages={273--286},
  year={2013},
  publisher={Elsevier}
}

@inproceedings{wang2012pcloud,
  title={pCloud: an adaptive I/O resource allocation algorithm with revenue consideration over public clouds},
  author={Wang, Jianzong and Chen, Yanjun and Gmach, Daniel and Xie, Changsheng and Wan, Jiguang and Hua, Rui},
  booktitle={International Conference on Grid and Pervasive Computing},
  pages={16--30},
  year={2012},
  organization={Springer}
}

@article{doyle2012fair,
  title={" Fair-Share" for Fair Bandwidth Allocation in Cloud Computing},
  author={Doyle, Joseph and Shorten, Robert and O'Mahony, Donal},
  journal={IEEE communications letters},
  volume={16},
  number={4},
  pages={550--553},
  year={2012},
  publisher={IEEE}
}

@incollection{yang2011dynamic,
  title={A dynamic resource allocation model for virtual machine management on cloud},
  author={Yang, Chao-Tung and Cheng, Hsiang-Yao and Huang, Kuan-Lung},
  booktitle={Grid and distributed computing},
  pages={581--590},
  year={2011},
  publisher={Springer}
}

@inproceedings{aazam2015fog,
	title={Fog computing micro datacenter based dynamic resource estimation and pricing model for IoT},
	author={Aazam, Mohammad and Huh, Eui-Nam},
	booktitle={2015 IEEE 29th International Conference on Advanced Information Networking and Applications},
	pages={687--694},
	year={2015},
	organization={IEEE}
}

@article{agarwal2016efficient,
	title={An efficient architecture and algorithm for resource provisioning in fog computing},
	author={Agarwal, Swati and Yadav, Shashank and Yadav, Arun Kumar},
	journal={International Journal of Information Engineering and Electronic Business},
	volume={8},
	number={1},
	pages={48},
	year={2016},
	publisher={Modern Education and Computer Science Press}
}

@inproceedings{deng2015towards,
	title={Towards power consumption-delay tradeoff by workload allocation in cloud-fog computing},
	author={Deng, Ruilong and Lu, Rongxing and Lai, Chengzhe and Luan, Tom H},
	booktitle={2015 IEEE International Conference on Communications (ICC)},
	pages={3909--3914},
	year={2015},
	organization={IEEE}
}

@inproceedings{friedman2003pricing,
	title={Pricing wifi at starbucks: issues in online mechanism design},
	author={Friedman, Eric J and Parkes, David C},
	booktitle={Proceedings of the 4th ACM conference on Electronic commerce},
	pages={240--241},
	year={2003},
	organization={ACM}
}

@article{bitam2018fog,
	title={Fog computing job scheduling optimization based on bees swarm},
	author={Bitam, Salim and Zeadally, Sherali and Mellouk, Abdelhamid},
	journal={Enterprise Information Systems},
	volume={12},
	number={4},
	pages={373--397},
	year={2018},
	publisher={Taylor \& Francis}
}

@article{zeng2016joint,
	title={Joint optimization of task scheduling and image placement in fog computing supported software-defined embedded system},
	author={Zeng, Deze and Gu, Lin and Guo, Song and Cheng, Zixue and Yu, Shui},
	journal={IEEE Transactions on Computers},
	volume={65},
	number={12},
	pages={3702--3712},
	year={2016},
	publisher={IEEE}
}

@inproceedings{aazam2015dynamic,
	title={Dynamic resource provisioning through Fog micro datacenter},
	author={Aazam, Mohammad and Huh, Eui-Nam},
	booktitle={2015 IEEE international conference on pervasive computing and communication workshops (PerCom workshops)},
	pages={105--110},
	year={2015},
	organization={IEEE}
}

@inproceedings{intharawijitr2016analysis,
	title={Analysis of fog model considering computing and communication latency in 5G cellular networks},
	author={Intharawijitr, Krittin and Iida, Katsuyoshi and Koga, Hiroyuki},
	booktitle={2016 IEEE International Conference on Pervasive Computing and Communication Workshops (PerCom Workshops)},
	pages={1--4},
	year={2016},
	organization={IEEE}
}

@inproceedings{oueis2015fog,
	title={The fog balancing: Load distribution for small cell cloud computing},
	author={Oueis, Jessica and Strinati, Emilio Calvanese and Barbarossa, Sergio},
	booktitle={2015 IEEE 81st Vehicular Technology Conference (VTC Spring)},
	pages={1--6},
	year={2015},
	organization={IEEE}
}

@incollection{dam2018ant,
	title={An ant-colony-based meta-heuristic approach for load balancing in cloud computing},
	author={Dam, Santanu and Mandal, Gopa and Dasgupta, Kousik and Dutta, Parmartha},
	booktitle={Applied Computational Intelligence and Soft Computing in Engineering},
	pages={204--232},
	year={2018},
	publisher={IGI Global}
}

@article{bhushan2018hybrid,
	title={A hybrid meta-heuristic approach for QoS-aware cloud service composition},
	author={Bhushan, S Bharath and Reddy, Pradeep CH},
	journal={International Journal of Web Services Research (IJWSR)},
	volume={15},
	number={2},
	pages={1--20},
	year={2018},
	publisher={IGI Global}
}

@article{gavvala2019qos,
	title={QoS-aware cloud service composition using eagle strategy},
	author={Gavvala, Siva Kumar and Jatoth, Chandrashekar and Gangadharan, GR and Buyya, Rajkumar},
	journal={Future Generation Computer Systems},
	volume={90},
	pages={273--290},
	year={2019},
	publisher={Elsevier}
}

@article{kumar2018workload,
	title={Workload prediction in cloud using artificial neural network and adaptive differential evolution},
	author={Kumar, Jitendra and Singh, Ashutosh Kumar},
	journal={Future Generation Computer Systems},
	volume={81},
	pages={41--52},
	year={2018},
	publisher={Elsevier}
}

@inproceedings{qiu2016deep,
	title={A deep learning approach for VM workload prediction in the cloud},
	author={Qiu, Feng and Zhang, Bin and Guo, Jun},
	booktitle={2016 17th IEEE/ACIS International Conference on Software Engineering, Artificial Intelligence, Networking and Parallel/Distributed Computing (SNPD)},
	pages={319--324},
	year={2016},
	organization={IEEE}
}

@article{calheiros2015workload,
	title={Workload prediction using ARIMA model and its impact on cloud applications’ QoS},
	author={Calheiros, Rodrigo N and Masoumi, Enayat and Ranjan, Rajiv and Buyya, Rajkumar},
	journal={IEEE Transactions on Cloud Computing},
	volume={3},
	number={4},
	pages={449--458},
	year={2015},
	publisher={IEEE}
}

@article{calheiros2015workload,
	title={Workload prediction using ARIMA model and its impact on cloud applications’ QoS},
	author={Calheiros, Rodrigo N and Masoumi, Enayat and Ranjan, Rajiv and Buyya, Rajkumar},
	journal={IEEE Transactions on Cloud Computing},
	volume={3},
	number={4},
	pages={449--458},
	year={2015},
	publisher={IEEE}
}

@article{cetinski2015ame,
  title={AME-WPC: advanced model for efficient workload prediction in the cloud},
  author={Cetinski, Katja and Juric, Matjaz B},
  journal={Journal of Network and Computer Applications},
  volume={55},
  pages={191--201},
  year={2015},
  publisher={Elsevier}
}

@article{nathani2012policy,
  title={Policy based resource allocation in IaaS cloud},
  author={Nathani, Amit and Chaudhary, Sanjay and Somani, Gaurav},
  journal={Future Generation Computer Systems},
  volume={28},
  number={1},
  pages={94--103},
  year={2012},
  publisher={Elsevier}
}

@article{yang2011research,
  title={Research on resource allocation for multi-tier web applications in a virtualization environment},
  author={Yang, Shuguo},
  journal={Frontiers of Computer Science in China},
  volume={5},
  number={4},
  pages={506--512},
  year={2011},
  publisher={Springer}
}

@article{calyam2014vdc,
  title={VDC-analyst: design and verification of virtual desktop cloud resource allocations},
  author={Calyam, Prasad and Rajagopalan, Sudharsan and Seetharam, Sripriya and Selvadhurai, Arunprasath and Salah, Khaled and Ramnath, Rajiv},
  journal={Computer Networks},
  volume={68},
  pages={110--122},
  year={2014},
  publisher={Elsevier}
}

@inproceedings{emeakaroha2011sla,
  title={SLA-aware application deployment and resource allocation in clouds},
  author={Emeakaroha, Vincent C and Brandic, Ivona and Maurer, Michael and Breskovic, Ivan},
  booktitle={Computer Software and Applications Conference Workshops (COMPSACW), 2011 IEEE 35th Annual},
  pages={298--303},
  year={2011},
  organization={IEEE}
}

@inproceedings{wu2011sla,
  title={SLA-based resource allocation for software as a service provider (SaaS) in cloud computing environments},
  author={Wu, Linlin and Garg, Saurabh Kumar and Buyya, Rajkumar},
  booktitle={Proceedings of the 2011 11th IEEE/ACM International Symposium on Cluster, Cloud and Grid Computing},
  pages={195--204},
  year={2011},
  organization={IEEE Computer Society}
}

@inproceedings{sagbo2012quality,
  title={Quality architecture for resource allocation in cloud computing},
  author={Sagbo, Kouessi Arafat Romaric and Houngue, P{\'e}lagie},
  booktitle={European Conference on Service-Oriented and Cloud Computing},
  pages={154--168},
  year={2012},
  organization={Springer}
}

@article{boyd2011distributed,
  title={Distributed optimization and statistical learning via the alternating direction method of multipliers},
  author={Boyd, Stephen and Parikh, Neal and Chu, Eric and Peleato, Borja and Eckstein, Jonathan and others},
  journal={Foundations and Trends{\textregistered} in Machine learning},
  volume={3},
  number={1},
  pages={1--122},
  year={2011},
  publisher={Now Publishers, Inc.}
}

@article{parikh2014proximal,
  title={Proximal algorithms},
  author={Parikh, Neal and Boyd, Stephen and others},
  journal={Foundations and Trends{\textregistered} in Optimization},
  volume={1},
  number={3},
  pages={127--239},
  year={2014},
  publisher={Now Publishers, Inc.}
}

@inproceedings{do2015proximal,
  title={A proximal algorithm for joint resource allocation and minimizing carbon footprint in geo-distributed fog computing},
  author={Do, Cuong T and Tran, Nguyen H and Pham, Chuan and Alam, Md Golam Rabiul and Son, Jae Hyeok and Hong, Choong Seon},
  booktitle={Information Networking (ICOIN), 2015 International Conference on},
  pages={324--329},
  year={2015},
  organization={IEEE}
}

@article{alsaffar2016architecture,
  title={An architecture of IoT service delegation and resource allocation based on collaboration between fog and cloud computing},
  author={Alsaffar, Aymen Abdullah and Pham, Hung Phuoc and Hong, Choong-Seon and Huh, Eui-Nam and Aazam, Mohammad},
  journal={Mobile Information Systems},
  volume={2016},
  year={2016},
  publisher={Hindawi}
}

@article{deng2016optimal,
	title={Optimal workload allocation in fog-cloud computing toward balanced delay and power consumption},
	author={Deng, Ruilong and Lu, Rongxing and Lai, Chengzhe and Luan, Tom H and Liang, Hao},
	journal={IEEE Internet of Things Journal},
	volume={3},
	number={6},
	pages={1171--1181},
	year={2016},
	publisher={IEEE}
}

@article{ningning2016fog,
	title={Fog computing dynamic load balancing mechanism based on graph repartitioning},
	author={Ningning, Song and Chao, Gong and Xingshuo, An and Qiang, Zhan},
	journal={China Communications},
	volume={13},
	number={3},
	pages={156--164},
	year={2016},
	publisher={IEEE}
}

@inproceedings{intharawijitr2016analysis,
	title={Analysis of fog model considering computing and communication latency in 5G cellular networks},
	author={Intharawijitr, Krittin and Iida, Katsuyoshi and Koga, Hiroyuki},
	booktitle={2016 IEEE International Conference on Pervasive Computing and Communication Workshops (PerCom Workshops)},
	pages={1--4},
	year={2016},
	organization={IEEE}
}

@article{zhang2017computing,
  title={Computing resource allocation in three-tier IoT fog networks: A joint optimization approach combining Stackelberg game and matching},
  author={Zhang, Huaqing and Xiao, Yong and Bu, Shengrong and Niyato, Dusit and Yu, F Richard and Han, Zhu},
  journal={IEEE Internet Things J.},
  volume={4},
  number={5},
  pages={1204--1215},
  year={2017}
}

@article{agarwal2016efficient,
  title={An efficient architecture and algorithm for resource provisioning in fog computing},
  author={Agarwal, Swati and Yadav, Shashank and Yadav, Arun Kumar},
  journal={International Journal of Information Engineering and Electronic Business},
  volume={8},
  number={1},
  pages={48},
  year={2016},
  publisher={Modern Education and Computer Science Press}
}

@inproceedings{mao2016resource,
  title={Resource management with deep reinforcement learning},
  author={Mao, Hongzi and Alizadeh, Mohammad and Menache, Ishai and Kandula, Srikanth},
  booktitle={Proceedings of the 15th ACM Workshop on Hot Topics in Networks},
  pages={50--56},
  year={2016},
  organization={ACM}
}

@article{he2018green,
  title={Green resource allocation based on deep reinforcement learning in content-centric IoT},
  author={He, Xiaoming and Wang, Kun and Huang, Huawei and Miyazaki, Toshiaki and Wang, Yixuan and Guo, Song},
  journal={IEEE Transactions on Emerging Topics in Computing},
  year={2018},
  publisher={IEEE}
}

@inproceedings{bent2004value,
  title={The Value of Consensus in Online Stochastic Scheduling.},
  author={Bent, Russell and Van Hentenryck, Pascal},
  booktitle={ICAPS},
  volume={4},
  pages={219--226},
  year={2004}
}

@article{salahuddin2018reinforcement,
  title={Reinforcement Learning for Resource Provisioning in Vehicular Cloud},
  author={Salahuddin, Mohammad A and Al-Fuqaha, Ala and Guizani, Mohsen},
  journal={arXiv preprint arXiv:1805.11000},
  year={2018}
}

@inproceedings{gerding2011online,
  title={Online mechanism design for electric vehicle charging},
  author={Gerding, Enrico H and Robu, Valentin and Stein, Sebastian and Parkes, David C and Rogers, Alex and Jennings, Nicholas R},
  booktitle={The 10th International Conference on Autonomous Agents and Multiagent Systems-Volume 2},
  pages={811--818},
  year={2011},
  organization={International Foundation for Autonomous Agents and Multiagent Systems}
}

@inproceedings{robu2011online,
  title={An online mechanism for multi-speed electric vehicle charging},
  author={Robu, Valentin and Stein, Sebastian and Gerding, Enrico H and Parkes, David C and Rogers, Alex and Jennings, Nicholas R},
  booktitle={International Conference on Auctions, Market Mechanisms and Their Applications},
  pages={100--112},
  year={2011},
  organization={Springer}
}

@inproceedings{stein2012model,
  title={A model-based online mechanism with pre-commitment and its application to electric vehicle charging},
  author={Stein, Sebastian and Gerding, Enrico and Robu, Valentin and Jennings, Nicholas R},
  booktitle={Proceedings of the 11th International Conference on Autonomous Agents and Multiagent Systems-Volume 2},
  pages={669--676},
  year={2012},
  organization={International Foundation for Autonomous Agents and Multiagent Systems}
}

@inproceedings{strohle2014online,
  title={Online mechanism design for scheduling non-preemptive jobs under uncertain supply and demand},
  author={Str{\"o}hle, Philipp and Gerding, Enrico H and de Weerdt, Mathijs M and Stein, Sebastian and Robu, Valentin},
  booktitle={Proceedings of the 2014 international conference on Autonomous agents and multi-agent systems},
  pages={437--444},
  year={2014},
  organization={International Foundation for Autonomous Agents and Multiagent Systems}
}

@article{hayakawa2015online,
  title={Online mechanisms for charging electric vehicles in settings with varying marginal electricity costs},
  author={Hayakawa, Keiichiro and Gerding, Enrico and Stein, Sebastian and Shiga, Takahiro},
  year={2015}
}

@inproceedings{zhu2012truthful,
  title={Truthful spectrum auction design for secondary networks},
  author={Zhu, Yuefei and Li, Baochun and Li, Zongpeng},
  booktitle={INFOCOM, 2012 Proceedings IEEE},
  pages={873--881},
  year={2012},
  organization={IEEE}
}

@article{wu2012auction,
  title={Auction-based P2P VoD streaming: Incentives and optimal scheduling},
  author={Wu, Chuan and Li, Zongpeng and Qiu, Xuanjia and Lau, Francis},
  journal={ACM Transactions on Multimedia Computing, Communications, and Applications (TOMM)},
  volume={8},
  number={1S},
  pages={14},
  year={2012},
  publisher={ACM}
}

@article{qin2015sponsored,
  title={Sponsored search auctions: Recent advances and future directions},
  author={Qin, Tao and Chen, Wei and Liu, Tie-Yan},
  journal={ACM Transactions on Intelligent Systems and Technology (TIST)},
  volume={5},
  number={4},
  pages={60},
  year={2015},
  publisher={ACM}
}

@article{lehmann2002truth,
  title={Truth revelation in approximately efficient combinatorial auctions},
  author={Lehmann, Daniel and O{\'c}allaghan, Liadan Ita and Shoham, Yoav},
  journal={Journal of the ACM (JACM)},
  volume={49},
  number={5},
  pages={577--602},
  year={2002},
  publisher={ACM}
}

@inproceedings{zhang2014dynamic,
  title={Dynamic resource provisioning in cloud computing: A randomized auction approach},
  author={Zhang, Linquan and Li, Zongpeng and Wu, Chuan},
  booktitle={IEEE Infocom Proceedings},
  year={2014},
  organization={IEEE Computer Society. The Journal's web site is located at http://ieeexplore. ieee. org/xpl/conhome. jsp? punumber= 1000359}
}

@inproceedings{goldberg2001competitive,
  title={Competitive auctions and digital goods},
  author={Goldberg, Andrew V and Hartline, Jason D and Wright, Andrew},
  booktitle={Proceedings of the twelfth annual ACM-SIAM symposium on Discrete algorithms},
  pages={735--744},
  year={2001},
  organization={Society for Industrial and Applied Mathematics}
}

@article{lavi2004competitive,
  title={Competitive analysis of incentive compatible on-line auctions},
  author={Lavi, Ron and Nisan, Noam},
  journal={Theoretical Computer Science},
  volume={310},
  number={1-3},
  pages={159--180},
  year={2004},
  publisher={Elsevier}
}

@inproceedings{buchbinder2007online,
  title={Online primal-dual algorithms for maximizing ad-auctions revenue},
  author={Buchbinder, Niv and Jain, Kamal and Naor, Joseph Seffi},
  booktitle={European Symposium on Algorithms},
  pages={253--264},
  year={2007},
  organization={Springer}
}

@inproceedings{gerding2013two,
  title={Two-sided online markets for electric vehicle charging},
  author={Gerding, Enrico H and Stein, Sebastian and Robu, Valentin and Zhao, Dengji and Jennings, Nicholas R},
  booktitle={Proceedings of the 2013 international conference on Autonomous agents and multi-agent systems},
  pages={989--996},
  year={2013},
  organization={International Foundation for Autonomous Agents and Multiagent Systems}
}

@article{nejad2017online,
  title={Online scheduling and pricing for electric vehicle charging},
  author={Nejad, Mark M and Mashayekhy, Lena and Chinnam, Ratna Babu and Grosu, Daniel},
  journal={IISE Transactions},
  volume={49},
  number={2},
  pages={178--193},
  year={2017},
  publisher={Taylor \& Francis}
}

@inproceedings{hayakawa2018price,
	title={Price-based online mechanisms for settings with uncertain future procurement costs and multi-unit demand},
	author={Hayakawa, Keiichiro and Gerding, Enrico H and Stein, Sebastian and Shiga, Takahiro},
	booktitle={Proceedings of the 17th International Conference on Autonomous Agents and MultiAgent Systems},
	pages={309--317},
	year={2018},
	organization={International Foundation for Autonomous Agents and Multiagent Systems}
}

@inproceedings{porter2004mechanism,
  title={Mechanism design for online real-time scheduling},
  author={Porter, Ryan},
  booktitle={Proceedings of the 5th ACM conference on Electronic commerce},
  pages={61--70},
  year={2004},
  organization={ACM}
}

@inproceedings{constantin2009online,
  title={An online mechanism for ad slot reservations with cancellations},
  author={Constantin, Florin and Feldman, Jon and Muthukrishnan, S and P{\'a}l, Martin},
  booktitle={Proceedings of the twentieth annual ACM-SIAM symposium on discrete algorithms},
  pages={1265--1274},
  year={2009},
  organization={Society for Industrial and Applied Mathematics}
}

@article{lavi2011truthful,
  title={Truthful and near-optimal mechanism design via linear programming},
  author={Lavi, Ron and Swamy, Chaitanya},
  journal={Journal of the ACM (JACM)},
  volume={58},
  number={6},
  pages={25},
  year={2011},
  publisher={ACM}
}

@article{hayakawa2018price,
  title={Price-based online mechanisms for settings with uncertain future procurement costs and multi-unit demand},
  author={Hayakawa, Keiichiro and Gerding, Enrico and Stein, Sebastian and Shiga, Takahiro},
  year={2018},
  publisher={ACM}
}

@article{gerding2016online,
  title={Online mechanism design for vehicle-to-grid car parks},
  author={Gerding, Enrico and Stein, Sebastian and Ceppi, Sofia and Robu, Valentin},
  year={2016}
}

@article{kreutz2015software,
	title={Software-defined networking: A comprehensive survey},
	author={Kreutz, Diego and Ramos, Fernando MV and Verissimo, Paulo and Rothenberg, Christian Esteve and Azodolmolky, Siamak and Uhlig, Steve},
	journal={Proceedings of the IEEE},
	volume={103},
	number={1},
	pages={14--76},
	year={2015}
}

@inproceedings{gupta2017stochastic,
	title={Stochastic online scheduling on unrelated machines},
	author={Gupta, Varun and Moseley, Benjamin and Uetz, Marc and Xie, Qiaomin},
	booktitle={International Conference on Integer Programming and Combinatorial Optimization},
	pages={228--240},
	year={2017},
	organization={Springer}
}

@inproceedings{bittencourt2015towards,
	title={Towards virtual machine migration in fog computing},
	author={Bittencourt, Luiz Fernando and Lopes, Marcio Moraes and Petri, Ioan and Rana, Omer F},
	booktitle={2015 10th International Conference on P2P, Parallel, Grid, Cloud and Internet Computing (3PGCIC)},
	pages={1--8},
	year={2015},
	organization={IEEE}
}

@techreport{rekhter2005border,
	title={A border gateway protocol 4 (BGP-4)},
	author={Rekhter, Yakov and Li, Tony and Hares, Susan},
	year={2005}
}


@incollection{al2012dynamic,
  title={Dynamic resource allocation for multi-tiered, cluster-based web hosting environments},
  author={Al Ghamdi, M and Chester, AP and He, L and Jarvis, SA},
  booktitle={Cloud Computing and Services Science},
  pages={333--352},
  year={2012},
  publisher={Springer}
}

@article{nguyen2014improvement,
  title={An improvement of resource allocation for migration process in cloud environment},
  author={Nguyen, Tien-Dung and Nguyen, An Thuy and Nguyen, Man Doan and Van Nguyen, Mui and Huh, Eui-Nam},
  journal={The Computer Journal},
  volume={57},
  number={2},
  pages={308--318},
  year={2014},
  publisher={OUP}
}

@misc{Nobel,
  author = Press Release,
  title = {The Sveriges Riksbank Prize in Economic Sciences in Memory of Alfred Nobel 2007},
  year = {2007}
  howpublished = {\url{https://www.nobelprize.org/nobel_prizes/economic-sciences/laureates/2007/press.html}},
  note = {Accessed: 2018-06-20}
}


@incollection{cocchia2014smart,
  title={Smart and digital city: A systematic literature review},
  author={Cocchia, Annalisa},
  booktitle={Smart city},
  pages={13--43},
  year={2014},
  publisher={Springer}
}

@inproceedings{jiang2004smart,
  title={Smart home research},
  author={Jiang, Li and Liu, Da-You and Yang, Bo},
  booktitle={Machine Learning and Cybernetics, 2004. Proceedings of 2004 International Conference on},
  volume={2},
  pages={659--663},
  year={2004},
  organization={IEEE}
}

@inproceedings{su2011smart,
  title={Smart city and the applications},
  author={Su, Kehua and Li, Jie and Fu, Hongbo},
  booktitle={Electronics, Communications and Control (ICECC), 2011 International Conference on},
  pages={1028--1031},
  year={2011},
  organization={IEEE}
}

@article{wei2010game,
  title={A game-theoretic method of fair resource allocation for cloud computing services},
  author={Wei, Guiyi and Vasilakos, Athanasios V and Zheng, Yao and Xiong, Naixue},
  journal={The journal of supercomputing},
  volume={54},
  number={2},
  pages={252--269},
  year={2010},
  publisher={Springer}
}

@inproceedings{zhang2014dynamic,
  title={Dynamic resource provisioning in cloud computing: A randomized auction approach},
  author={Zhang, Linquan and Li, Zongpeng and Wu, Chuan},
  booktitle={IEEE Infocom Proceedings},
  year={2014},
  organization={IEEE Computer Society. The Journal's web site is located at http://ieeexplore. ieee. org/xpl/conhome. jsp? punumber= 1000359}
}

@inproceedings{wang2012cloud,
  title={When cloud meets ebay: Towards effective pricing for cloud computing},
  author={Wang, Qian and Ren, Kui and Meng, Xiaoqiao},
  booktitle={INFOCOM, 2012 Proceedings IEEE},
  pages={936--944},
  year={2012},
  organization={IEEE}
}

@inproceedings{zhang2015online,
  title={Online auctions in IaaS clouds: Welfare and profit maximization with server costs},
  author={Zhang, Xiaoxi and Huang, Zhiyi and Wu, Chuan and Li, Zongpeng and Lau, Francis},
  booktitle={ACM SIGMETRICS Performance Evaluation Review},
  volume={43},
  number={1},
  pages={3--15},
  year={2015},
  organization={ACM}
}

@article{reiss2011google,
  title={Google cluster-usage traces: format+ schema},
  author={Reiss, Charles and Wilkes, John and Hellerstein, Joseph L},
  journal={Google Inc., White Paper},
  pages={1--14},
  year={2011}
}

@article{jain2015near,
  title={Near-optimal scheduling mechanisms for deadline-sensitive jobs in large computing clusters},
  author={Jain, Navendu and Menache, Ishai and Naor, Joseph Seffi and Yaniv, Jonathan},
  journal={ACM Transactions on Parallel Computing},
  volume={2},
  number={1},
  pages={3},
  year={2015},
  publisher={ACM}
}



@inproceedings{azar2013online,
	title={Online mixed packing and covering},
	author={Azar, Yossi and Bhaskar, Umang and Fleischer, Lisa and Panigrahi, Debmalya},
	booktitle={Proceedings of the twenty-fourth annual ACM-SIAM symposium on Discrete algorithms},
	pages={85--100},
	year={2013},
	organization={Society for Industrial and Applied Mathematics}
}

@inproceedings{azar2015truthful,
  title={Truthful online scheduling with commitments},
  author={Azar, Yossi and Kalp-Shaltiel, Inna and Lucier, Brendan and Menache, Ishai and Naor, Joseph Seffi and Yaniv, Jonathan},
  booktitle={Proceedings of the Sixteenth ACM Conference on Economics and Computation},
  pages={715--732},
  year={2015},
  organization={ACM}
}


@inproceedings{lucier2013efficient,
  title={Efficient online scheduling for deadline-sensitive jobs},
  author={Lucier, Brendan and Menache, Ishai and Naor, Joseph Seffi and Yaniv, Jonathan},
  booktitle={Proceedings of the twenty-fifth annual ACM symposium on Parallelism in algorithms and architectures},
  pages={305--314},
  year={2013},
  organization={ACM}
}

@article{zhang2016framework,
  title={A framework for truthful online auctions in cloud computing with heterogeneous user demands},
  author={Zhang, Hong and Jiang, Hongbo and Li, Bo and Liu, Fangming and Vasilakos, Athanasios V and Liu, Jiangchuan},
  journal={IEEE Transactions on Computers},
  volume={65},
  number={3},
  pages={805--818},
  year={2016},
  publisher={IEEE}
}

@article{shi2015shapley,
  title={A Shapley-value mechanism for bandwidth on demand between datacenters},
  author={Shi, Weijie and Wu, Chuan and Li, Zongpeng},
  journal={IEEE Transactions on Cloud Computing},
  year={2015},
  publisher={IEEE}
}

@inproceedings{zhang2015truthful,
  title={A truthful (1-$\varepsilon$)-optimal mechanism for on-demand cloud resource provisioning},
  author={Zhang, Xiaoxi and Wu, Chuan and Li, Zongpeng and Lau, Francis CM},
  booktitle={Computer Communications (INFOCOM), 2015 IEEE Conference on},
  pages={1053--1061},
  year={2015},
  organization={IEEE}
}

@inproceedings{bartal2003incentive,
	title={Incentive compatible multi unit combinatorial auctions},
	author={Bartal, Yair and Gonen, Rica and Nisan, Noam},
	booktitle={Proceedings of the 9th conference on Theoretical aspects of rationality and knowledge},
	pages={72--87},
	year={2003},
	organization={ACM}
}

@inproceedings{xu2017zenith,
  title={Zenith: Utility-aware resource allocation for edge computing},
  author={Xu, Jinlai and Palanisamy, Balaji and Ludwig, Heiko and Wang, Qingyang},
  booktitle={Edge Computing (EDGE), 2017 IEEE International Conference on},
  pages={47--54},
  year={2017},
  organization={IEEE}
}

@article{jiao2018auction,
  title={Auction Mechanisms in Cloud/Fog Computing Resource Allocation for Public Blockchain Networks},
  author={Jiao, Yutao and Wang, Ping and Niyato, Dusit and Suankaewmanee, Kongrath},
  journal={arXiv preprint arXiv:1804.09961},
  year={2018}
}

@inproceedings{shi2014rsmoa,
  title={RSMOA: A revenue and social welfare maximizing online auction for dynamic cloud resource provisioning},
  author={Shi, Weijie and Wu, Chuan and Li, Zongpeng},
  booktitle={Quality of Service (IWQoS), 2014 IEEE 22nd International Symposium of},
  pages={41--50},
  year={2014},
  organization={IEEE}
}

@article{shi2014online,
  title={An online auction framework for dynamic resource provisioning in cloud computing},
  author={Shi, Weijie and Zhang, Linquan and Wu, Chuan and Li, Zongpeng and Lau, Francis},
  journal={ACM SIGMETRICS Performance Evaluation Review},
  volume={42},
  number={1},
  pages={71--83},
  year={2014},
  publisher={ACM}
}

@article{garcia2015edge,
  title={Edge-centric computing: Vision and challenges},
  author={Garcia Lopez, Pedro and Montresor, Alberto and Epema, Dick and Datta, Anwitaman and Higashino, Teruo and Iamnitchi, Adriana and Barcellos, Marinho and Felber, Pascal and Riviere, Etienne},
  journal={ACM SIGCOMM Computer Communication Review},
  volume={45},
  number={5},
  pages={37--42},
  year={2015},
  publisher={ACM}
}

@article{shi2017online,
  title={An online auction mechanism for dynamic virtual cluster provisioning in geo-distributed clouds},
  author={Shi, Weijie and Wu, Chuan and Li, Zongpeng},
  journal={IEEE Transactions on Parallel and Distributed Systems},
  volume={28},
  number={3},
  pages={677--688},
  year={2017},
  publisher={IEEE}
}

@article{zhou2017efficient,
  title={An efficient cloud market mechanism for computing jobs with soft deadlines},
  author={Zhou, Ruiting and Li, Zongpeng and Wu, Chuan and Huang, Zhiyi},
  journal={IEEE/ACM Transactions on networking},
  volume={25},
  number={2},
  pages={793--805},
  year={2017},
  publisher={IEEE}
}

@inproceedings{zaman2011combinatorial,
  title={Combinatorial auction-based dynamic vm provisioning and allocation in clouds},
  author={Zaman, Sharrukh and Grosu, Daniel},
  booktitle={Cloud Computing Technology and Science (CloudCom), 2011 IEEE Third International Conference on},
  pages={107--114},
  year={2011},
  organization={IEEE}
}

@article{wang1993auctions,
  title={Auctions versus posted-price selling},
  author={Wang, Ruqu},
  journal={The American Economic Review},
  pages={838--851},
  year={1993},
  publisher={JSTOR}
}

@article{chen2014vision,
  title={A vision of IoT: Applications, challenges, and opportunities with china perspective},
  author={Chen, Shanzhi and Xu, Hui and Liu, Dake and Hu, Bo and Wang, Hucheng},
  journal={IEEE Internet of Things journal},
  volume={1},
  number={4},
  pages={349--359},
  year={2014},
  publisher={IEEE}
}

@inproceedings{bonomi2012fog,
  title={Fog computing and its role in the internet of things},
  author={Bonomi, Flavio and Milito, Rodolfo and Zhu, Jiang and Addepalli, Sateesh},
  booktitle={Proceedings of the first edition of the MCC workshop on Mobile cloud computing},
  pages={13--16},
  year={2012},
  organization={ACM}
}

@article{evans2011internet,
  title={The internet of things: How the next evolution of the internet is changing everything},
  author={Evans, Dave},
  journal={CISCO white paper},
  volume={1},
  number={2011},
  pages={1--11},
  year={2011}
}

@misc{Alexa,
	title = {Machine Learning In Practice: How Does Amazon's Alexa Really Work?},
	author={Marr, Bernard},
	howpublished = {\url{https://www.forbes.com/sites/bernardmarr/2018/10/05/how-does-amazons-alexa-really-work/#740e537b1937}},
	note = {Accessed: 201-03-30},
	year={2018}
}
@article{fu2018secure,
	title={Secure data storage and searching for industrial IoT by integrating fog computing and cloud computing},
	author={Fu, Jun-Song and Liu, Yun and Chao, Han-Chieh and Bhargava, Bharat K and Zhang, Zhen-Jiang},
	journal={IEEE Transactions on Industrial Informatics},
	volume={14},
	number={10},
	pages={4519--4528},
	year={2018},
	publisher={IEEE}
}

@article{liu2018object,
	title={Object tracking in vary lighting conditions for fog based intelligent surveillance of public spaces},
	author={Liu, Gaocheng and Liu, Shuai and Muhammad, Khan and Sangaiah, Arun Kumar and Doctor, Faiyaz},
	journal={IEEE Access},
	volume={6},
	pages={29283--29296},
	year={2018},
	publisher={IEEE}
}

@article{takabi2010security,
	title={Security and privacy challenges in cloud computing environments},
	author={Takabi, Hassan and Joshi, James BD and Ahn, Gail-Joon},
	journal={IEEE Security \& Privacy},
	volume={8},
	number={6},
	pages={24--31},
	year={2010},
	publisher={IEEE}
}

@article{alrawais2017fog,
	title={Fog computing for the internet of things: Security and privacy issues},
	author={Alrawais, Arwa and Alhothaily, Abdulrahman and Hu, Chunqiang and Cheng, Xiuzhen},
	journal={IEEE Internet Computing},
	volume={21},
	number={2},
	pages={34--42},
	year={2017},
	publisher={IEEE}
}

@incollection{sen2015security,
	title={Security and privacy issues in cloud computing},
	author={Sen, Jaydip},
	booktitle={Cloud Technology: Concepts, Methodologies, Tools, and Applications},
	pages={1585--1630},
	year={2015},
	publisher={IGI Global}
}

@article{sarkar2018assessment,
	title={Assessment of the Suitability of Fog Computing in the Context of Internet of Things},
	author={Sarkar, Subhadeep and Chatterjee, Subarna and Misra, Sudip},
	journal={IEEE Transactions on Cloud Computing},
	volume={6},
	number={1},
	pages={46--59},
	year={2018},
	publisher={IEEE}
}

@inproceedings{erol2010prediction,
	title={Prediction-based charging of PHEVs from the smart grid with dynamic pricing},
	author={Erol-Kantarci, Melike and Hussein, T Mouftah},
	booktitle={IEEE Local Computer Network Conference},
	pages={1032--1039},
	year={2010},
	organization={IEEE}
}

@article{sortomme2011optimal,
	title={Optimal charging strategies for unidirectional vehicle-to-grid},
	author={Sortomme, Eric and El-Sharkawi, Mohamed A},
	journal={IEEE Transactions on Smart Grid},
	volume={2},
	number={1},
	pages={131--138},
	year={2011},
	publisher={IEEE}
}

@article{han2010development,
	title={Development of an optimal vehicle-to-grid aggregator for frequency regulation},
	author={Han, Sekyung and Han, Soohee and Sezaki, Kaoru},
	journal={IEEE Transactions on smart grid},
	volume={1},
	number={1},
	pages={65--72},
	year={2010},
	publisher={IEEE}
}

@article{botta2016integration,
	title={Integration of cloud computing and internet of things: a survey},
	author={Botta, Alessio and De Donato, Walter and Persico, Valerio and Pescap{\'e}, Antonio},
	journal={Future generation computer systems},
	volume={56},
	pages={684--700},
	year={2016},
	publisher={Elsevier}
}

@article{tuballa2016review,
	title={A review of the development of Smart Grid technologies},
	author={Tuballa, Maria Lorena and Abundo, Michael Lochinvar},
	journal={Renewable and Sustainable Energy Reviews},
	volume={59},
	pages={710--725},
	year={2016},
	publisher={Elsevier}
}

@article{greenberg2008cost,
	title={The cost of a cloud: research problems in data center networks},
	author={Greenberg, Albert and Hamilton, James and Maltz, David A and Patel, Parveen},
	journal={ACM SIGCOMM computer communication review},
	volume={39},
	number={1},
	pages={68--73},
	year={2008},
	publisher={ACM}
}

@inproceedings{rao2012cloud,
	title={Cloud computing for Internet of Things \& sensing based applications},
	author={Rao, BB Prahlada and Saluia, Paval and Sharma, Neetu and Mittal, Ankit and Sharma, Shivay Veer},
	booktitle={2012 Sixth International Conference on Sensing Technology (ICST)},
	pages={374--380},
	year={2012},
	organization={IEEE}
}

@inproceedings{mekala2017survey,
	title={A Survey: Smart agriculture IoT with cloud computing},
	author={Mekala, Mahammad Shareef and Viswanathan, P},
	booktitle={2017 International conference on Microelectronic Devices, Circuits and Systems (ICMDCS)},
	pages={1--7},
	year={2017},
	organization={IEEE}
}

@misc{WinNT,
  title = {Data center locations},
  howpublished = {\url{https://www.google.com/about/datacenters/inside/locations/index.html}},
  note = {Accessed: 2018-06-12}
}


@article{bahl2017emergence,
  title={emergence of micro datacenter (cloudlets/edges) for mobile computing},
  author={Bahl, Victor},
  journal={Online: https://www. microsoft. com/en-us/research/wp-content/uploads/2016/11/Micro-Data-Centers-mDCs-for-Mobile-Computing-1. pdf. Accessed},
  volume={12},
  year={2017}
}

@misc{MDC,
  author = {Bill Boyle},
  title = {Edge market will boost demand for micro data centers},
  month = October
  year =  {2015}
  howpublished = {\url{http://www.datacenterdynamics.com/power-cooling/edge-market-will-boost-demand-for-micro-data-centers/95070.fullarticle}},
  note = {Accessed: 2018-06-12}
}

@inproceedings{chaufournier2017fast,
  title={Fast transparent virtual machine migration in distributed edge clouds},
  author={Chaufournier, Lucas and Sharma, Prateek and Le, Franck and Nahum, Erich and Shenoy, Prashant and Towsley, Don},
  booktitle={Proceedings of the Second ACM/IEEE Symposium on Edge Computing},
  pages={10},
  year={2017},
  organization={ACM}
}

@book{bertsekas2014constrained,
	title={Constrained optimization and Lagrange multiplier methods},
	author={Bertsekas, Dimitri P},
	year={2014},
	publisher={Academic press}
}

@article{gupta2017ifogsim,
  title={iFogSim: A toolkit for modeling and simulation of resource management techniques in the Internet of Things, Edge and Fog computing environments},
  author={Gupta, Harshit and Vahid Dastjerdi, Amir and Ghosh, Soumya K and Buyya, Rajkumar},
  journal={Software: Practice and Experience},
  volume={47},
  number={9},
  pages={1275--1296},
  year={2017},
  publisher={Wiley Online Library}
}

@misc{LISP,
  author = {LISP Authors},
  title = {LISP Analysis},
  year = {2008}
  howpublished = {\url{https://tools.ietf.org/html/draft-brim-lisp-analysis-00}},
  note = {Accessed: 2018-06-12}
}

@article{murgovski2013engine,
	title={Engine on/off control for dimensioning hybrid electric powertrains via convex optimization},
	author={Murgovski, Nikolce and Johannesson, Lars M{\aa}rdh and Sj{\"o}berg, Jonas},
	journal={IEEE Transactions on Vehicular Technology},
	volume={62},
	number={7},
	pages={2949--2962},
	year={2013},
	publisher={IEEE}
}

@inproceedings{awasthi2016optimal,
	title={Optimal infrastructure planning of electric vehicle charging stations using hybrid optimization algorithm},
	author={Awasthi, Abhishek and Chandra, Dinesh and Rajasekar, S and Singh, Asheesh K and Perumal, K Muruga and others},
	booktitle={2016 National Power Systems Conference (NPSC)},
	pages={1--6},
	year={2016},
	organization={IEEE}
}

@article{garcia2014plug,
	title={Plug-in electric vehicles in electric distribution networks: A review of smart charging approaches},
	author={Garc{\'\i}a-Villalobos, J and Zamora, I and San Mart{\'\i}n, JI and Asensio, FJ and Aperribay, V},
	journal={Renewable and Sustainable Energy Reviews},
	volume={38},
	pages={717--731},
	year={2014},
	publisher={Elsevier}
}

@article{rezaei2014packetized,
	title={Packetized plug-in electric vehicle charge management},
	author={Rezaei, Pooya and Frolik, Jeff and Hines, Paul DH},
	journal={IEEE Transactions on Smart Grid},
	volume={5},
	number={2},
	pages={642--650},
	year={2014},
	publisher={IEEE}
}

@article{tan2014optimal,
	title={An optimal and distributed demand response strategy with electric vehicles in the smart grid},
	author={Tan, Zhao and Yang, Peng and Nehorai, Arye},
	journal={IEEE Transactions on Smart Grid},
	volume={5},
	number={2},
	pages={861--869},
	year={2014},
	publisher={IEEE}
}

@article{hu2014coordinated,
	title={Coordinated charging of electric vehicles for congestion prevention in the distribution grid},
	author={Hu, Junjie and You, Shi and Lind, Morten and {\O}stergaard, Jacob},
	journal={IEEE Transactions on Smart Grid},
	volume={5},
	number={2},
	pages={703--711},
	year={2014},
	publisher={IEEE}
}

@inproceedings{jiang2013decentralized,
	title={Decentralized scheduling of PEV on-street parking and charging for smart grid reactive power compensation},
	author={Jiang, Bingnan and Fei, Yunsi},
	booktitle={2013 IEEE PES Innovative Smart Grid Technologies Conference (ISGT)},
	pages={1--6},
	year={2013},
	organization={IEEE}
}

@article{matt2018fog,
  title={Fog Computing},
  author={Matt, Christian},
  journal={Business \& Information Systems Engineering},
  pages={1--5},
  year={2018},
  publisher={Springer}
}

@article{garcia2015edge,
  title={Edge-centric computing: Vision and challenges},
  author={Garcia Lopez, Pedro and Montresor, Alberto and Epema, Dick and Datta, Anwitaman and Higashino, Teruo and Iamnitchi, Adriana and Barcellos, Marinho and Felber, Pascal and Riviere, Etienne},
  journal={ACM SIGCOMM Computer Communication Review},
  volume={45},
  number={5},
  pages={37--42},
  year={2015},
  publisher={ACM}
}

@article{foster2002grid,
  title={What is the grid?-a three point checklist},
  author={Foster, Ian},
  journal={GRIDtoday},
  volume={1},
  number={6},
  year={2002}
}

@inproceedings{ha2014towards,
  title={Towards wearable cognitive assistance},
  author={Ha, Kiryong and Chen, Zhuo and Hu, Wenlu and Richter, Wolfgang and Pillai, Padmanabhan and Satyanarayanan, Mahadev},
  booktitle={Proceedings of the 12th annual international conference on Mobile systems, applications, and services},
  pages={68--81},
  year={2014},
  organization={ACM}
}

@article{tushar2014smart,
	title={Smart microgrids: Optimal joint scheduling for electric vehicles and home appliances},
	author={Tushar, Mosaddek Hossain Kamal and Assi, Chadi and Maier, Martin and Uddin, Mohammad Faisal},
	journal={IEEE Transactions on Smart Grid},
	volume={5},
	number={1},
	pages={239--250},
	year={2014},
	publisher={IEEE}
}

@article{wu2012load,
	title={Load scheduling and dispatch for aggregators of plug-in electric vehicles},
	author={Wu, Di and Aliprantis, Dionysios C and Ying, Lei},
	journal={IEEE Transactions on Smart Grid},
	volume={3},
	number={1},
	pages={368--376},
	year={2012},
	publisher={IEEE}
}

@article{nguyen2014joint,
	title={Joint optimization of electric vehicle and home energy scheduling considering user comfort preference},
	author={Nguyen, Duong Tung and Le, Long Bao},
	journal={IEEE Transactions on Smart Grid},
	volume={5},
	number={1},
	pages={188--199},
	year={2014},
	publisher={IEEE}
}

@inproceedings{aswantara2013centralized,
	title={A centralized EV charging scheme based on user satisfaction fairness and cost},
	author={Aswantara, I Komang Adi and Ko, Kab Seok and Sung, Dan Keun},
	booktitle={2013 IEEE Innovative Smart Grid Technologies-Asia (ISGT Asia)},
	pages={1--4},
	year={2013},
	organization={IEEE}
}

@article{endsley2017autonomous,
	title={Autonomous driving systems: A preliminary naturalistic study of the Tesla Model S},
	author={Endsley, Mica R},
	journal={Journal of Cognitive Engineering and Decision Making},
	volume={11},
	number={3},
	pages={225--238},
	year={2017},
	publisher={SAGE Publications Sage CA: Los Angeles, CA}
}

@inproceedings{chen2016dynamic,
  title={Dynamic urban surveillance video stream processing using fog computing},
  author={Chen, Ning and Chen, Yu and You, Yang and Ling, Haibin and Liang, Pengpeng and Zimmermann, Roger},
  booktitle={Multimedia Big Data (BigMM), 2016 IEEE Second International Conference on},
  pages={105--112},
  year={2016},
  organization={IEEE}
}

@article{wei2014optimally,
  title={On optimally reducing power loss in micro-grids with power storage devices},
  author={Wei, Chao and Fadlullah, Zubair Md and Kato, Nei and Stojmenovic, Ivan},
  journal={IEEE Journal on Selected Areas in Communications},
  volume={32},
  number={7},
  pages={1361--1370},
  year={2014},
  publisher={IEEE}
}

@inproceedings{ottenwalder2013migcep,
  title={MigCEP: operator migration for mobility driven distributed complex event processing},
  author={Ottenw{\"a}lder, Beate and Koldehofe, Boris and Rothermel, Kurt and Ramachandran, Umakishore},
  booktitle={Proceedings of the 7th ACM international conference on Distributed event-based systems},
  pages={183--194},
  year={2013},
  organization={ACM}
}

@inproceedings{younge2010efficient,
  title={Efficient resource management for cloud computing environments},
  author={Younge, Andrew J and Von Laszewski, Gregor and Wang, Lizhe and Lopez-Alarcon, Sonia and Carithers, Warren},
  booktitle={Green Computing Conference, 2010 International},
  pages={357--364},
  year={2010},
  organization={IEEE}
}

@inproceedings{aslam2015load,
  title={Load balancing algorithms in cloud computing: A survey of modern techniques},
  author={Aslam, Sidra and Shah, Munam Ali},
  booktitle={Software Engineering Conference (NSEC), 2015 National},
  pages={30--35},
  year={2015},
  organization={IEEE}
}

@misc{Power,
  author = {Anders S.G. Andrae},
  title = {Edge market will boost demand for micro data centers},
  year = {2017}
  howpublished = {\url{https://www.researchgate.net/publication/320225452_Total_Consumer_Power_Consumption_Forecast}},
  note = {Accessed: 2018-06-13}
}

@misc{iridis4,
	title = {Iridis 4 Wiki},
	howpublished = {\url{https://hpc.soton.ac.uk/redmine/projects/iridis-4-support/wiki}},
	note = {Accessed: 2019-05-30}
}

@inproceedings{ali2016energy,
  title={An energy efficient algorithm for virtual machine allocation in cloud datacenters},
  author={Ali, Ahmad and Lu, Li and Zhu, Yanmin and Yu, Jiadi},
  booktitle={Conference},
  pages={61--72},
  year={2016},
  organization={Springer}
}

@article{wang2015enabling,
  title={Enabling customer-provided resources for cloud computing: Potentials, challenges, and implementation},
  author={Wang, Haiyang and Wang, Feng and Liu, Jiangchuan and Wang, Dan and Groen, Justin},
  journal={IEEE Transactions on Parallel and Distributed Systems},
  volume={26},
  number={7},
  pages={1874--1886},
  year={2015},
  publisher={IEEE}
}

@inproceedings{patel2015aggregation,
  title={Aggregation of cloud providers: A review of opportunities and challenges},
  author={Patel, Rajni and Dahiya, Deepak},
  booktitle={Computing, Communication \& Automation (ICCCA), 2015 International Conference on},
  pages={620--626},
  year={2015},
  organization={IEEE}
}

@book{nisan2007algorithmic,
  title={Algorithmic game theory},
  author={Nisan, Noam and Roughgarden, Tim and Tardos, Eva and Vazirani, Vijay V},
  year={2007},
  publisher={Cambridge university press}
}

@article{shi2017online,
  title={An online auction mechanism for dynamic virtual cluster provisioning in geo-distributed clouds},
  author={Shi, Weijie and Wu, Chuan and Li, Zongpeng},
  journal={IEEE Transactions on Parallel and Distributed Systems},
  volume={28},
  number={3},
  pages={677--688},
  year={2017},
  publisher={IEEE}
}

@misc{OpenFog,
  title = {OpenFog},
  howpublished = {\url{https://www.openfogconsortium.org/}},
  note = {Accessed: 2018-06-15}
}

@article{HU201727,
title = "Survey on fog computing: architecture, key technologies, applications and open issues",
journal = "Journal of Network and Computer Applications",
volume = "98",
pages = "27 - 42",
year = "2017",
issn = "1084-8045",
doi = "https://doi.org/10.1016/j.jnca.2017.09.002",
url = "http://www.sciencedirect.com/science/article/pii/S1084804517302953",
author = "Pengfei Hu and Sahraoui Dhelim and Huansheng Ning and Tie Qiu",
keywords = "Fog computing, Cloud computing, Edge computing, Internet of Things(IoT), Architecture, Application"
}

@article{mell2011nist,
  title={The NIST definition of cloud computing},
  author={Mell, Peter and Grance, Tim and others},
  year={2011},
  publisher={Computer Security Division, Information Technology Laboratory, National Institute of Standards and Technology Gaithersburg}
}

@article{yousafzai2017cloud,
  title={Cloud resource allocation schemes: review, taxonomy, and opportunities},
  author={Yousafzai, Abdullah and Gani, Abdullah and Noor, Rafidah Md and Sookhak, Mehdi and Talebian, Hamid and Shiraz, Muhammad and Khan, Muhammad Khurram},
  journal={Knowledge and Information Systems},
  volume={50},
  number={2},
  pages={347--381},
  year={2017},
  publisher={Springer}
}

@Article{Ardagna2014,
author="Ardagna, Danilo
and Casale, Giuliano
and Ciavotta, Michele
and P{\'e}rez, Juan F.
and Wang, Weikun",
title="Quality-of-service in cloud computing: modeling techniques and their applications",
journal="Journal of Internet Services and Applications",
year="2014",
month="Sep",
day="25",
volume="5",
number="1",
pages="11",
abstract="Recent years have seen the massive migration of enterprise applications to the cloud. One of the challenges posed by cloud applications is Quality-of-Service (QoS) management, which is the problem of allocating resources to the application to guarantee a service level along dimensions such as performance, availability and reliability. This paper aims at supporting research in this area by providing a survey of the state of the art of QoS modeling approaches suitable for cloud systems. We also review and classify their early application to some decision-making problems arising in cloud QoS management.",
issn="1869-0238",
doi="10.1186/s13174-014-0011-3",
url="https://doi.org/10.1186/s13174-014-0011-3"
}



@article{openfog2017openfog,
  title={OpenFog reference architecture for fog computing},
  author={OpenFog Consortium},
  journal={OPFRA001},
  volume={20817},
  pages={162},
  year={2017}
}

@article{vaquero2014finding,
  title={Finding your way in the fog: Towards a comprehensive definition of fog computing},
  author={Vaquero, Luis M and Rodero-Merino, Luis},
  journal={ACM SIGCOMM Computer Communication Review},
  volume={44},
  number={5},
  pages={27--32},
  year={2014},
  publisher={ACM}
}

@incollection{dastjerdi2016fog,
  title={Fog computing: Principles, architectures, and applications},
  author={Dastjerdi, Amir Vahid and Gupta, Harshit and Calheiros, Rodrigo N and Ghosh, Soumya K and Buyya, Rajkumar},
  booktitle={Internet of Things},
  pages={61--75},
  year={2016},
  publisher={Elsevier}
}
